3100 4974
384 912 622 977 Dnaootaas
644 909 794 975 Baucis
816 911 867 973 aa
888 910 976 972 uita
995 926 1088 974 sua.

287 1194 366 1245 Natus
387 1212 439 1245 sain
457 1195 593 1245 Gudieimas
611 1195 748 1245 Lndocicus
766 1193 850 1243 Banck
875 1195 901 1243 in
921 1211 986 1262 papo
1005 1193 1191 1245 Citariottentltai
1212 1211 1288 1263 prope

188 1287 294 1339 Schuetz
312 1288 424 1356 oppidum
442 1286 573 1336 Borussiae
590 1286 742 1337 occidentalis
759 1287 804 1335 sito
821 1303 845 1334 a.
864 1285 887 1334 d.
905 1283 933 1336 X
942 1285 996 1336 VII.
1014 1284 1070 1337 Καί.
1087 1286 1166 1354 April.
1185 1304 1208 1335 a.
1226 1285 1248 1335 n.
1266 1303 1286 1335 s.

187 1378 244 1429 LV
248 1387 323 1447 patre
334 1377 398 1427 Juiio
416 1377 494 1429 aditae
511 1380 572 1439 vivo,
589 1386 666 1427 matre
679 1377 806 1428 Gniiielma
822 1394 835 1426 e
851 1378 1094 1443 pente.Ristowiana,
1113 1395 1184 1445 quarn
1201 1376 1288 1427 abhinc

187 1473 289 1540 quiaque
310 1487 385 1519 annos
411 1487 423 1519 e
439 1470 490 1519 uita
507 1470 644 1520 discessisse
661 1469 732 1519 doleo.
769 1465 919 1533 Confessioni
934 1468 1045 1519 addictus
1061 1486 1113 1518 ssim
1130 1468 1287 1534 evanqelicae.

189 1563 316 1629 Postquam
330 1569 403 1630 pater
420 1561 562 1610 domiciiiam
579 1561 707 1621 transtulit,
725 1561 799 1610 literis
816 1561 973 1611 elementariis
989 1562 1016 1610 in
1032 1560 1087 1613 Indo
1093 1563 1158 1629 papi
1167 1561 1288 1611 Minster·

188 1653 266 1704 menide
281 1671 357 1721 prope
374 1652 576 1702 Mariaeinsuiam
592 1627 634 1702 siti
649 1652 750 1703 imbutus
766 1670 825 1702 sum.
859 1651 1011 1702 Undecinmm
1028 1670 1116 1702 anisam
1134 1669 1207 1718 aqens
1223 1670 1287 1719 pym-

189 1746 258 1794 nasio
275 1743 484 1794 Mariaeinsuiano
506 1744 651 1795 enrdiendus
673 1745 778 1794 traditus
799 1762 857 1794 suni.
892 1745 1028 1817 Anctumno·
1048 1762 1071 1792 a.
1092 1742 1113 1792 t.
1131 1760 1151 1793 s.
1168 1741 1295 1795 LXXIV

189 1837 333 1886 ›nancritatis
345 1836 511 1885 testimonium
533 1836 634 1904 adeptus
656 1815 808 1886 academiam
824 1837 976 1886 Aibertinam
997 1834 1057 1896 adii,
1078 1843 1104 1884 nt
1123 1836 1208 1885 studiis
1226 1838 1289 1886 anti·

188 1929 286 1995 quitatis
302 1929 463 1994 sermonisque
477 1928 558 1994 patrii
573 1945 671 1995 operam
688 1928 779 1979 darem.
820 1928 868 1978 Per
886 1929 965 1978 novies
983 1945 1025 1978 sex
1042 1945 1131 1978 mermes
1143 1935 1288 1996 praecepto-

187 2019 253 2069 ribus
269 2036 326 2069 sesns
342 2035 393 2067 sum
409 2019 587 2086 professoribus
605 2020 631 2069 cI.

287 2138 544 2203 Friedtaendem
566 2138 776 2202 Hirschfeld,
797 2138 941 2206 Jacoby,
963 2139 1115 2201 Jordan,
1137 2136 1247 2192 Lehrs
1259 2138 1288 2202 †‚

288 2229 465 2294 Issidwich,
482 2227 649 2296 Meroua,
667 2230 885 2298 Quaobiciser,
902 2230 1041 2293 Schacte,
1064 2229 1199 2294 Walter,

188 2344 270 2411 quibus
291 2343 396 2393 omnibus
419 2345 504 2411 optime
522 2343 551 2392 de
567 2362 604 2394 me
620 2346 710 2394 meritis
726 2346 821 2411 qratias
840 2361 886 2409 apo
903 2362 974 2411 quam
991 2346 1117 2393 maximas.
1151 2342 1288 2394 Sensinario

186 2433 333 2502 pisiomqico,
351 2435 415 2502 quod
424 2437 558 2485 etiamnunc
563 2436 637 2503 floret
652 2436 695 2486 sub
707 2438 899 2504 auspicatissimo
914 2437 1028 2502 reqimine
1040 2453 1061 2485 o.
1077 2435 1100 2484 d.
1116 2433 1289 2486 Friediaender

189 2535 211 2576 et
227 2526 332 2588 Jordan,
348 2527 438 2577 sodalis
453 2528 555 2594 interfui
571 2527 710 2578 ordinarius
723 2545 771 2595 per
788 2536 873 2595 qnater
888 2544 931 2576 ses
948 2544 1045 2576 rnenscs.

299 2644 357 2694 Vere
374 2662 397 2693 a.
415 2643 437 2693 t.
455 2662 474 2694 s.
492 2642 613 2696 LXXIX
629 2644 780 2694 academiam
796 2644 947 2695 Adertinam
964 2643 1058 2710 reliqui,
1074 2652 1099 2693 ut
1115 2661 1199 2694 marines
1212 2661 1288 2712 prae-

191 2738 291 2801 cepton's
304 2736 426 2786 <domestici
438 2735 588 2786 Corsdeineni
599 2738 751 2803 susciperem,
769 2736 834 2803 quod
849 2742 883 2786 est
892 2735 1021 2803 praedium
1033 2753 1112 2804 prope
1125 2736 1289 2802 Reqimontam

190 2826 266 2874 situm.
835 2840 837 2845 ⁴

291 2943 322 2991 A.
342 2943 365 2991 d.
393 2943 462 2995 VIII.
483 2945 519 2995 Id.
541 2945 601 2995 Dec.
620 2964 643 2994 a.
660 2945 682 2994 Is.
701 2963 720 2996 s,
733 2942 855 2995 LXXIX
872 2961 971 2995 examen
982 2962 1032 3013 pro
1042 2945 1164 3012 facecitate
1181 2945 1289 3005 discredi,

192 3048 215 3081 a.
235 3031 257 3082 d.
287 3031 342 3084 VII.
360 3033 415 3085 Kal.
434 3037 509 3087 Mart.
525 3055 548 3085 a.
566 3035 588 3086 In.
607 3054 626 3086 s.
644 3035 750 3087 LXXX
766 3053 865 3087 examen
880 3038 1015 3103 riporosum
1031 3039 1139 3090 sustinui.
1157 3065 1190 3074 -
