<?xml version="1.0" encoding="UTF-8"?>
<!DOCTYPE html PUBLIC "-//W3C//DTD XHTML 1.0 Transitional//EN"
    "http://www.w3.org/TR/xhtml1/DTD/xhtml1-transitional.dtd">
<html xmlns="http://www.w3.org/1999/xhtml" xml:lang="en" lang="en">
 <head>
  <title>
</title>
<meta http-equiv="Content-Type" content="text/html;charset=utf-8" />
  <meta name='ocr-system' content='tesseract 3.04.00' />
  <meta name='ocr-capabilities' content='ocr_page ocr_carea ocr_par ocr_line ocrx_word'/>
</head>
<body>
  <div class='ocr_page' id='page_1' title='image "./deproverbiisali01baucgoog_0031.png"; bbox 0 0 3100 4974; ppageno 0'>
   <div class='ocr_carea' id='block_1_1' title="bbox 782 272 823 334">
    <p class='ocr_par' dir='ltr' id='par_1_1' title="bbox 782 272 823 334">
     <span class='ocr_line' id='line_1_1' title="bbox 782 272 823 334; baseline 0 0"><span class='ocrx_word' id='word_1_1' title='bbox 782 272 823 334; x_wconf 77' lang='lat'>22</span> 
     </span>
    </p>
   </div>
   <div class='ocr_carea' id='block_1_2' title="bbox 701 361 901 373">
    <p class='ocr_par' dir='ltr' id='par_1_2' title="bbox 701 361 901 373">
     <span class='ocr_line' id='line_1_2' title="bbox 701 361 901 373; baseline 0.005 -3"><span class='ocrx_word' id='word_1_2' title='bbox 701 361 901 373; x_wconf 76' lang='lat'>-—..----</span> 
     </span>
    </p>
   </div>
   <div class='ocr_carea' id='block_1_3' title="bbox 350 473 1189 913">
    <p class='ocr_par' dir='ltr' id='par_1_3' title="bbox 350 473 1189 913">
     <span class='ocr_line' id='line_1_3' title="bbox 350 473 798 560; baseline 0.009 -22"><span class='ocrx_word' id='word_1_3' title='bbox 350 474 502 552; x_wconf 76' lang='lat' dir='ltr'>Quamvis</span> <span class='ocrx_word' id='word_1_4' title='bbox 523 474 563 538; x_wconf 85' lang='lat' dir='ltr'>ad</span> <span class='ocrx_word' id='word_1_5' title='bbox 586 476 665 560; x_wconf 89' lang='lat' dir='ltr'>plut.</span> <span class='ocrx_word' id='word_1_6' title='bbox 689 473 798 559; x_wconf 79' lang='grc'>691,3;</span> 
     </span>
     <span class='ocr_line' id='line_1_4' title="bbox 402 608 1078 693; baseline 0.001 -21"><span class='ocrx_word' id='word_1_7' title='bbox 402 611 420 693; x_wconf 80' lang='grc' dir='ltr'>ἡ</span> <span class='ocrx_word' id='word_1_8' title='bbox 444 611 469 672; x_wconf 90' lang='grc' dir='ltr'>δ’</span> <span class='ocrx_word' id='word_1_9' title='bbox 492 608 606 677; x_wconf 74' lang='grc' dir='ltr'>εὐθέως</span> <span class='ocrx_word' id='word_1_10' title='bbox 628 612 680 693; x_wconf 80' lang='grc' dir='ltr'>τὴν</span> <span class='ocrx_word' id='word_1_11' title='bbox 701 613 786 693; x_wconf 83' lang='grc' dir='ltr'>χεῖρα</span> <span class='ocrx_word' id='word_1_12' title='bbox 809 611 895 672; x_wconf 81' lang='grc' dir='ltr'>πάλιν</span> <span class='ocrx_word' id='word_1_13' title='bbox 918 610 1078 675; x_wconf 65' lang='grc' dir='ltr'>ἀνέσπασε</span> 
     </span>
     <span class='ocr_line' id='line_1_5' title="bbox 400 716 1018 805; baseline 0.003 -24"><span class='ocrx_word' id='word_1_14' title='bbox 400 716 547 781; x_wconf 81' lang='grc' dir='ltr'>κατέκειτο</span> <span class='ocrx_word' id='word_1_15' title='bbox 569 718 594 778; x_wconf 90' lang='grc' dir='ltr'>δ’</span> <span class='ocrx_word' id='word_1_16' title='bbox 616 717 706 799; x_wconf 74' lang='grc' dir='ltr'>αὑτὴν</span> <span class='ocrx_word' id='word_1_17' title='bbox 730 718 887 787; x_wconf 77' lang='grc' dir='ltr'>ἐντυλίξασ’</span> <span class='ocrx_word' id='word_1_18' title='bbox 909 722 1018 805; x_wconf 79' lang='grc' dir='ltr'>ἡσυχῆ,</span> 
     </span>
     <span class='ocr_line' id='line_1_6' title="bbox 399 823 1189 913; baseline 0.011 -25"><span class='ocrx_word' id='word_1_19' title='bbox 399 827 455 888; x_wconf 65' lang='lat' dir='ltr'>tet</span> <span class='ocrx_word' id='word_1_20' title='bbox 477 829 527 888; x_wconf 80' lang='grc' dir='ltr'>τοῦ</span> <span class='ocrx_word' id='word_1_21' title='bbox 549 823 634 893; x_wconf 81' lang='grc' dir='ltr'>δέους</span> <span class='ocrx_word' id='word_1_22' title='bbox 659 825 819 910; x_wconf 83' lang='grc' dir='ltr'>βδέουσα</span> <span class='ocrx_word' id='word_1_23' title='bbox 841 830 1053 913; x_wconf 74' lang='grc' dir='ltr'>δριμύτερον</span> <span class='ocrx_word' id='word_1_24' title='bbox 1077 833 1189 912; x_wconf 76' lang='grc' dir='ltr'>γαλῆς</span> 
     </span>
    </p>
   </div>
   <div class='ocr_carea' id='block_1_4' title="bbox 247 960 1389 2156">
    <p class='ocr_par' dir='ltr' id='par_1_4' title="bbox 247 960 1389 1804">
     <span class='ocr_line' id='line_1_7' title="bbox 249 960 1351 1049; baseline 0.004 -25"><span class='ocrx_word' id='word_1_25' title='bbox 249 981 330 1044; x_wconf 84' lang='lat' dir='ltr'>quae</span> <span class='ocrx_word' id='word_1_26' title='bbox 365 961 465 1024; x_wconf 86' lang='lat' dir='ltr'>verba</span> <span class='ocrx_word' id='word_1_27' title='bbox 487 960 605 1024; x_wconf 83' lang='lat' dir='ltr'>Oarion</span> <span class='ocrx_word' id='word_1_28' title='bbox 641 982 752 1026; x_wconf 86' lang='lat' dir='ltr'>servus</span> <span class='ocrx_word' id='word_1_29' title='bbox 789 963 829 1028; x_wconf 90' lang='lat' dir='ltr'>de</span> <span class='ocrx_word' id='word_1_30' title='bbox 867 984 928 1027; x_wconf 85' lang='lat' dir='ltr'>anu</span> <span class='ocrx_word' id='word_1_31' title='bbox 968 985 1067 1047; x_wconf 83' lang='lat' dir='ltr'>aegra</span> <span class='ocrx_word' id='word_1_32' title='bbox 1100 973 1133 1030; x_wconf 89' lang='lat' dir='ltr'>et</span> <span class='ocrx_word' id='word_1_33' title='bbox 1166 965 1198 1027; x_wconf 89' lang='lat' dir='ltr'>in</span> <span class='ocrx_word' id='word_1_34' title='bbox 1232 963 1351 1049; x_wconf 88' lang='lat' dir='ltr'>templo</span> 
     </span>
     <span class='ocr_line' id='line_1_8' title="bbox 248 1069 1351 1160; baseline -0.002 -26"><span class='ocrx_word' id='word_1_35' title='bbox 248 1069 350 1134; x_wconf 85' lang='lat' dir='ltr'>adeo</span> <span class='ocrx_word' id='word_1_36' title='bbox 373 1070 480 1133; x_wconf 90' lang='lat' dir='ltr'>sanari</span> <span class='ocrx_word' id='word_1_37' title='bbox 509 1071 658 1154; x_wconf 88' lang='lat' dir='ltr'>cupiente</span> <span class='ocrx_word' id='word_1_38' title='bbox 686 1071 779 1150; x_wconf 87' lang='lat' dir='ltr'>dicit,</span> <span class='ocrx_word' id='word_1_39' title='bbox 814 1072 1017 1150; x_wconf 85' lang='lat' dir='ltr'>scholiastes,</span> <span class='ocrx_word' id='word_1_40' title='bbox 1053 1076 1107 1157; x_wconf 87' lang='lat' dir='ltr'>qui</span> <span class='ocrx_word' id='word_1_41' title='bbox 1134 1077 1233 1139; x_wconf 85' lang='lat' dir='ltr'>verba</span> <span class='ocrx_word' id='word_1_42' title='bbox 1253 1074 1274 1160; x_wconf 73' lang='grc' dir='ltr'><strong>ᾑ</strong></span> <span class='ocrx_word' id='word_1_43' title='bbox 1296 1072 1351 1155; x_wconf 73' lang='grc' dir='ltr'>γὰρ</span> 
     </span>
     <span class='ocr_line' id='line_1_9' title="bbox 247 1176 1351 1263; baseline 0.005 -24"><span class='ocrx_word' id='word_1_44' title='bbox 247 1180 324 1260; x_wconf 74' lang='grc' dir='ltr'>γαλῆ</span> <span class='ocrx_word' id='word_1_45' title='bbox 356 1176 529 1259; x_wconf 79' lang='grc' dir='ltr'>δριμύτατον</span> <span class='ocrx_word' id='word_1_46' title='bbox 563 1177 663 1261; x_wconf 76' lang='grc' dir='ltr'>ἀφίησι</span> <span class='ocrx_word' id='word_1_47' title='bbox 690 1178 723 1239; x_wconf 88' lang='grc' dir='ltr'>τὸ</span> <span class='ocrx_word' id='word_1_48' title='bbox 750 1181 863 1260; x_wconf 80' lang='grc' dir='ltr'>πνεῦμα</span> <span class='ocrx_word' id='word_1_49' title='bbox 901 1179 1009 1259; x_wconf 81' lang='lat' dir='ltr'>addit,</span> <span class='ocrx_word' id='word_1_50' title='bbox 1043 1202 1105 1245; x_wconf 87' lang='lat' dir='ltr'>non</span> <span class='ocrx_word' id='word_1_51' title='bbox 1140 1183 1351 1263; x_wconf 77' lang='lat' dir='ltr'>annotaverit,</span> 
     </span>
     <span class='ocr_line' id='line_1_10' title="bbox 247 1286 1352 1372; baseline 0.004 -23"><span class='ocrx_word' id='word_1_52' title='bbox 247 1286 440 1350; x_wconf 89' lang='lat' dir='ltr'>locutionem</span> <span class='ocrx_word' id='word_1_53' title='bbox 463 1286 562 1350; x_wconf 85' lang='lat' dir='ltr'>fuisse</span> <span class='ocrx_word' id='word_1_54' title='bbox 585 1287 757 1368; x_wconf 85' lang='lat' dir='ltr'>vulgarem,</span> <span class='ocrx_word' id='word_1_55' title='bbox 780 1294 885 1350; x_wconf 84' lang='lat' dir='ltr'>tamen</span> <span class='ocrx_word' id='word_1_56' title='bbox 908 1306 946 1350; x_wconf 88' lang='lat' dir='ltr'>ea</span> <span class='ocrx_word' id='word_1_57' title='bbox 968 1289 1028 1351; x_wconf 89' lang='lat' dir='ltr'>hoc</span> <span class='ocrx_word' id='word_1_58' title='bbox 1051 1289 1124 1352; x_wconf 92' lang='lat' dir='ltr'>loco</span> <span class='ocrx_word' id='word_1_59' title='bbox 1149 1298 1352 1372; x_wconf 88' lang='lat' dir='ltr'>praetereun-</span> 
     </span>
     <span class='ocr_line' id='line_1_11' title="bbox 249 1394 1389 1481; baseline -0.002 -24"><span class='ocrx_word' id='word_1_60' title='bbox 249 1395 290 1458; x_wconf 91' lang='lat' dir='ltr'>da</span> <span class='ocrx_word' id='word_1_61' title='bbox 312 1395 387 1457; x_wconf 88' lang='lat' dir='ltr'>mihi</span> <span class='ocrx_word' id='word_1_62' title='bbox 409 1416 473 1457; x_wconf 88' lang='lat' dir='ltr'>non</span> <span class='ocrx_word' id='word_1_63' title='bbox 497 1401 582 1473; x_wconf 87' lang='lat' dir='ltr'>erat,</span> <span class='ocrx_word' id='word_1_64' title='bbox 616 1414 686 1457; x_wconf 92' lang='lat' dir='ltr'>cum</span> <span class='ocrx_word' id='word_1_65' title='bbox 708 1395 784 1458; x_wconf 89' lang='lat' dir='ltr'>mihi</span> <span class='ocrx_word' id='word_1_66' title='bbox 807 1394 933 1477; x_wconf 90' lang='lat' dir='ltr'>quidem</span> <span class='ocrx_word' id='word_1_67' title='bbox 956 1414 1019 1457; x_wconf 91' lang='lat' dir='ltr'>non</span> <span class='ocrx_word' id='word_1_68' title='bbox 1043 1396 1085 1457; x_wconf 88' lang='lat' dir='ltr'>sit</span> <span class='ocrx_word' id='word_1_69' title='bbox 1107 1396 1250 1478; x_wconf 85' lang='lat' dir='ltr'>dubium,</span> <span class='ocrx_word' id='word_1_70' title='bbox 1276 1400 1351 1481; x_wconf 90' lang='lat' dir='ltr'>quin</span> <span class='ocrx_word' id='word_1_71' title='bbox 1386 1451 1389 1455; x_wconf 74' lang='grc'>,</span> 
     </span>
     <span class='ocr_line' id='line_1_12' title="bbox 248 1502 1350 1586; baseline 0.002 -19"><span class='ocrx_word' id='word_1_72' title='bbox 248 1523 287 1567; x_wconf 85' lang='lat' dir='ltr'>ea</span> <span class='ocrx_word' id='word_1_73' title='bbox 307 1503 340 1566; x_wconf 89' lang='lat' dir='ltr'>iu</span> <span class='ocrx_word' id='word_1_74' title='bbox 363 1523 419 1567; x_wconf 88' lang='lat' dir='ltr'>ore</span> <span class='ocrx_word' id='word_1_75' title='bbox 441 1504 530 1586; x_wconf 84' lang='lat' dir='ltr'>vulgi</span> <span class='ocrx_word' id='word_1_76' title='bbox 551 1510 679 1568; x_wconf 84' lang='lat' dir='ltr'>versata</span> <span class='ocrx_word' id='word_1_77' title='bbox 701 1504 756 1584; x_wconf 74' lang='lat' dir='ltr'>sit:</span> <span class='ocrx_word' id='word_1_78' title='bbox 785 1511 819 1566; x_wconf 90' lang='lat' dir='ltr'>ut</span> <span class='ocrx_word' id='word_1_79' title='bbox 840 1503 1060 1584; x_wconf 87' lang='lat' dir='ltr'>nobisqnoqne</span> <span class='ocrx_word' id='word_1_80' title='bbox 1082 1502 1194 1565; x_wconf 86' lang='lat' dir='ltr'>similis</span> <span class='ocrx_word' id='word_1_81' title='bbox 1227 1503 1350 1569; x_wconf 90' lang='lat' dir='ltr'>locutio</span> 
     </span>
     <span class='ocr_line' id='line_1_13' title="bbox 249 1610 1038 1696; baseline -0.005 -20"><span class='ocrx_word' id='word_1_82' title='bbox 249 1619 307 1693; x_wconf 86' lang='lat' dir='ltr'>est,</span> <span class='ocrx_word' id='word_1_83' title='bbox 332 1632 413 1695; x_wconf 89' lang='lat' dir='ltr'>quae</span> <span class='ocrx_word' id='word_1_84' title='bbox 436 1634 493 1696; x_wconf 90' lang='lat' dir='ltr'>per</span> <span class='ocrx_word' id='word_1_85' title='bbox 515 1633 627 1676; x_wconf 82' lang='lat' dir='ltr'>vocem</span> <span class='ocrx_word' id='word_1_86' title='bbox 649 1611 757 1694; x_wconf 86' lang='lat' dir='ltr'>‚,lltis“</span> <span class='ocrx_word' id='word_1_87' title='bbox 781 1610 942 1674; x_wconf 81' lang='lat' dir='ltr'>formatur.</span> <span class='ocrx_word' id='word_1_88' title='bbox 1035 1622 1038 1627; x_wconf 74' lang='grc'>’</span> 
     </span>
     <span class='ocr_line' id='line_1_14' title="bbox 348 1719 1347 1804; baseline 0.001 -21"><span class='ocrx_word' id='word_1_89' title='bbox 348 1721 396 1786; x_wconf 89' lang='lat' dir='ltr'>De</span> <span class='ocrx_word' id='word_1_90' title='bbox 418 1722 499 1785; x_wconf 88' lang='lat' dir='ltr'>asini</span> <span class='ocrx_word' id='word_1_91' title='bbox 522 1720 683 1785; x_wconf 79' lang='lat' dir='ltr'>edacitate</span> <span class='ocrx_word' id='word_1_92' title='bbox 705 1740 808 1784; x_wconf 86' lang='lat' dir='ltr'>sermo</span> <span class='ocrx_word' id='word_1_93' title='bbox 832 1720 934 1784; x_wconf 90' lang='lat' dir='ltr'>estin</span> <span class='ocrx_word' id='word_1_94' title='bbox 957 1719 1139 1804; x_wconf 85' lang='lat' dir='ltr'>proverbio,</span> <span class='ocrx_word' id='word_1_95' title='bbox 1163 1740 1226 1803; x_wconf 90' lang='lat' dir='ltr'>quo</span> <span class='ocrx_word' id='word_1_96' title='bbox 1249 1721 1347 1784; x_wconf 85' lang='lat' dir='ltr'>Arist.</span> 
     </span>
    </p>

    <p class='ocr_par' dir='ltr' id='par_1_5' title="bbox 247 1827 764 1914">
     <span class='ocr_line' id='line_1_15' title="bbox 247 1827 764 1914; baseline 0.006 -22"><span class='ocrx_word' id='word_1_97' title='bbox 247 1830 280 1892; x_wconf 91' lang='lat' dir='ltr'>in</span> <span class='ocrx_word' id='word_1_98' title='bbox 302 1850 392 1914; x_wconf 85' lang='lat' dir='ltr'><strong>vesp.</strong></span> <span class='ocrx_word' id='word_1_99' title='bbox 415 1827 580 1891; x_wconf 80' lang='lat'>1309-10</span> <span class='ocrx_word' id='word_1_100' title='bbox 601 1849 676 1893; x_wconf 90' lang='lat' dir='ltr'>usus</span> <span class='ocrx_word' id='word_1_101' title='bbox 700 1836 764 1895; x_wconf 88' lang='lat' dir='ltr'>est:</span> 
     </span>
    </p>

    <p class='ocr_par' dir='ltr' id='par_1_6' title="bbox 400 1960 1011 2048">
     <span class='ocr_line' id='line_1_16' title="bbox 400 1960 1011 2048; baseline 0.003 -25"><span class='ocrx_word' id='word_1_102' title='bbox 400 1960 496 2031; x_wconf 80' lang='grc' dir='ltr'>ἔοικας</span> <span class='ocrx_word' id='word_1_103' title='bbox 518 1964 543 2026; x_wconf 87' lang='grc' dir='ltr'><em>ὦ</em></span> <span class='ocrx_word' id='word_1_104' title='bbox 565 1964 714 2048; x_wconf 79' lang='grc' dir='ltr'>πρεσβῦτα</span> <span class='ocrx_word' id='word_1_105' title='bbox 736 1962 905 2047; x_wconf 77' lang='grc' dir='ltr'>νεοπλούτῳ</span> <span class='ocrx_word' id='word_1_106' title='bbox 928 1961 1011 2046; x_wconf 68' lang='lat' dir='ltr'>spo-(i</span> 
     </span>
    </p>

    <p class='ocr_par' dir='ltr' id='par_1_7' title="bbox 397 2069 1166 2156">
     <span class='ocr_line' id='line_1_17' title="bbox 397 2069 1166 2156; baseline -0.003 -22"><span class='ocrx_word' id='word_1_107' title='bbox 397 2075 552 2155; x_wconf 77' lang='grc' dir='ltr'>κλητῆρι</span> <span class='ocrx_word' id='word_1_108' title='bbox 573 2074 607 2134; x_wconf 48' lang='grc' dir='ltr'>τ’Ἰ</span> <span class='ocrx_word' id='word_1_109' title='bbox 623 2072 672 2140; x_wconf 84' lang='grc' dir='ltr'>εἰς</span> <span class='ocrx_word' id='word_1_110' title='bbox 694 2071 858 2156; x_wconf 84' lang='grc' dir='ltr'>ἀχυρμὸν</span> <span class='ocrx_word' id='word_1_111' title='bbox 882 2069 1166 2156; x_wconf 74' lang='grc' dir='ltr'>ἀποδεδρακότι,</span> 
     </span>
    </p>
   </div>
   <div class='ocr_carea' id='block_1_5' title="bbox 155 2215 1351 4488">
    <p class='ocr_par' dir='ltr' id='par_1_8' title="bbox 245 2215 1351 3502">
     <span class='ocr_line' id='line_1_18' title="bbox 249 2215 1350 2298; baseline 0.001 -21"><span class='ocrx_word' id='word_1_112' title='bbox 249 2215 364 2297; x_wconf 91' lang='lat' dir='ltr'>quibus</span> <span class='ocrx_word' id='word_1_113' title='bbox 396 2215 504 2279; x_wconf 84' lang='lat' dir='ltr'>verbis</span> <span class='ocrx_word' id='word_1_114' title='bbox 536 2215 736 2298; x_wconf 79' lang='lat' dir='ltr'>Lysistratus</span> <span class='ocrx_word' id='word_1_115' title='bbox 769 2216 800 2278; x_wconf 89' lang='lat' dir='ltr'>in</span> <span class='ocrx_word' id='word_1_116' title='bbox 829 2216 979 2280; x_wconf 85' lang='lat' dir='ltr'>convivio</span> <span class='ocrx_word' id='word_1_117' title='bbox 1012 2215 1251 2280; x_wconf 89' lang='lat' dir='ltr'>Philocleonem</span> <span class='ocrx_word' id='word_1_118' title='bbox 1271 2215 1350 2279; x_wconf 89' lang='lat' dir='ltr'>ludi·</span> 
     </span>
     <span class='ocr_line' id='line_1_19' title="bbox 247 2323 1350 2408; baseline 0.001 -22"><span class='ocrx_word' id='word_1_119' title='bbox 247 2323 376 2406; x_wconf 85' lang='lat' dir='ltr'>ficatur,</span> <span class='ocrx_word' id='word_1_120' title='bbox 420 2324 472 2406; x_wconf 90' lang='lat' dir='ltr'>qui</span> <span class='ocrx_word' id='word_1_121' title='bbox 496 2324 603 2388; x_wconf 85' lang='lat' dir='ltr'>ebrius</span> <span class='ocrx_word' id='word_1_122' title='bbox 624 2344 726 2407; x_wconf 83' lang='lat' dir='ltr'>nugas</span> <span class='ocrx_word' id='word_1_123' title='bbox 749 2327 825 2408; x_wconf 81' lang='lat' dir='ltr'>agit.</span> <span class='ocrx_word' id='word_1_124' title='bbox 880 2326 1068 2408; x_wconf 82' lang='lat' dir='ltr'>Priusquam</span> <span class='ocrx_word' id='word_1_125' title='bbox 1104 2324 1144 2388; x_wconf 91' lang='lat' dir='ltr'>de</span> <span class='ocrx_word' id='word_1_126' title='bbox 1176 2324 1350 2408; x_wconf 86' lang='lat' dir='ltr'>proverbio</span> 
     </span>
     <span class='ocr_line' id='line_1_20' title="bbox 249 2433 1348 2518; baseline 0.001 -21"><span class='ocrx_word' id='word_1_127' title='bbox 249 2433 419 2515; x_wconf 77' lang='lat' dir='ltr'>disseram,</span> <span class='ocrx_word' id='word_1_128' title='bbox 453 2454 515 2498; x_wconf 92' lang='lat' dir='ltr'>non</span> <span class='ocrx_word' id='word_1_129' title='bbox 544 2434 750 2499; x_wconf 87' lang='lat' dir='ltr'>omittendum</span> <span class='ocrx_word' id='word_1_130' title='bbox 778 2435 854 2498; x_wconf 87' lang='lat' dir='ltr'>mihi</span> <span class='ocrx_word' id='word_1_131' title='bbox 882 2443 931 2499; x_wconf 86' lang='lat' dir='ltr'>cst</span> <span class='ocrx_word' id='word_1_132' title='bbox 956 2435 1069 2518; x_wconf 87' lang='lat' dir='ltr'>paucis</span> <span class='ocrx_word' id='word_1_133' title='bbox 1091 2453 1348 2514; x_wconf 81' lang='lat' dir='ltr'>commemorare,</span> 
     </span>
     <span class='ocr_line' id='line_1_21' title="bbox 248 2543 1351 2627; baseline -0.001 -20"><span class='ocrx_word' id='word_1_134' title='bbox 248 2563 329 2609; x_wconf 88' lang='lat' dir='ltr'>voce</span> <span class='ocrx_word' id='word_1_135' title='bbox 351 2545 463 2626; x_wconf 76' lang='grc' dir='ltr'>κλητήρ</span> <span class='ocrx_word' id='word_1_136' title='bbox 486 2564 549 2606; x_wconf 91' lang='lat' dir='ltr'>non</span> <span class='ocrx_word' id='word_1_137' title='bbox 572 2543 672 2607; x_wconf 91' lang='lat' dir='ltr'>solnm</span> <span class='ocrx_word' id='word_1_138' title='bbox 695 2564 895 2627; x_wconf 78' lang='lat' dir='ltr'>praeconem,</span> <span class='ocrx_word' id='word_1_139' title='bbox 919 2544 1094 2608; x_wconf 83' lang='lat' dir='ltr'>sedetiam</span> <span class='ocrx_word' id='word_1_140' title='bbox 1117 2544 1239 2607; x_wconf 86' lang='lat' dir='ltr'>asinum</span> <span class='ocrx_word' id='word_1_141' title='bbox 1261 2543 1351 2608; x_wconf 88' lang='lat' dir='ltr'>intel·</span> 
     </span>
     <span class='ocr_line' id='line_1_22' title="bbox 246 2651 1351 2736; baseline -0.002 -19"><span class='ocrx_word' id='word_1_142' title='bbox 246 2654 314 2736; x_wconf 81' lang='lat' dir='ltr'>ligi,</span> <span class='ocrx_word' id='word_1_143' title='bbox 337 2660 372 2717; x_wconf 91' lang='lat' dir='ltr'>ut</span> <span class='ocrx_word' id='word_1_144' title='bbox 393 2653 426 2716; x_wconf 91' lang='lat' dir='ltr'>in</span> <span class='ocrx_word' id='word_1_145' title='bbox 448 2672 538 2736; x_wconf 82' lang='lat' dir='ltr'>vesp.</span> <span class='ocrx_word' id='word_1_146' title='bbox 564 2651 638 2735; x_wconf 75' lang='grc'>189,</span> <span class='ocrx_word' id='word_1_147' title='bbox 653 2654 722 2716; x_wconf 84' lang='lat' dir='ltr'>hoo</span> <span class='ocrx_word' id='word_1_148' title='bbox 744 2660 849 2725; x_wconf 84' lang='lat' dir='ltr'>autern</span> <span class='ocrx_word' id='word_1_149' title='bbox 869 2653 942 2718; x_wconf 89' lang='lat' dir='ltr'>loco</span> <span class='ocrx_word' id='word_1_150' title='bbox 964 2660 1130 2735; x_wconf 87' lang='lat' dir='ltr'>utramque</span> <span class='ocrx_word' id='word_1_151' title='bbox 1147 2651 1351 2735; x_wconf 84' lang='lat' dir='ltr'>significatio·</span> 
     </span>
     <span class='ocr_line' id='line_1_23' title="bbox 247 2761 1350 2845; baseline -0.004 -17"><span class='ocrx_word' id='word_1_152' title='bbox 247 2783 317 2828; x_wconf 89' lang='lat' dir='ltr'>nem</span> <span class='ocrx_word' id='word_1_153' title='bbox 340 2782 412 2827; x_wconf 86' lang='lat' dir='ltr'>esse</span> <span class='ocrx_word' id='word_1_154' title='bbox 435 2763 612 2843; x_wconf 81' lang='lat' dir='ltr'>subjectam</span> <span class='ocrx_word' id='word_1_155' title='bbox 635 2763 730 2827; x_wconf 86' lang='lat' dir='ltr'>etad</span> <span class='ocrx_word' id='word_1_156' title='bbox 754 2762 992 2827; x_wconf 88' lang='lat' dir='ltr'>Philocleonem</span> <span class='ocrx_word' id='word_1_157' title='bbox 1019 2763 1189 2845; x_wconf 85' lang='lat' dir='ltr'>pertinere.</span> <span class='ocrx_word' id='word_1_158' title='bbox 1235 2761 1350 2827; x_wconf 84' lang='lat' dir='ltr'>Utrum</span> 
     </span>
     <span class='ocr_line' id='line_1_24' title="bbox 248 2868 1351 2956; baseline 0.004 -24"><span class='ocrx_word' id='word_1_159' title='bbox 248 2871 380 2956; x_wconf 82' lang='grc' dir='ltr'>ἀχυρμὸν</span> <span class='ocrx_word' id='word_1_160' title='bbox 403 2891 443 2934; x_wconf 89' lang='lat' dir='ltr'>an</span> <span class='ocrx_word' id='word_1_161' title='bbox 465 2868 576 2955; x_wconf 84' lang='grc' dir='ltr'>ἄχορον</span> <span class='ocrx_word' id='word_1_162' title='bbox 599 2893 638 2934; x_wconf 89' lang='lat' dir='ltr'>an</span> <span class='ocrx_word' id='word_1_163' title='bbox 661 2870 801 2956; x_wconf 82' lang='grc' dir='ltr'>ἀχυρῶνα</span> <span class='ocrx_word' id='word_1_164' title='bbox 819 2873 988 2954; x_wconf 84' lang='lat' dir='ltr'>legendum</span> <span class='ocrx_word' id='word_1_165' title='bbox 1004 2872 1054 2952; x_wconf 82' lang='lat' dir='ltr'>sit,</span> <span class='ocrx_word' id='word_1_166' title='bbox 1079 2873 1204 2937; x_wconf 87' lang='lat' dir='ltr'>variant</span> <span class='ocrx_word' id='word_1_167' title='bbox 1226 2878 1351 2936; x_wconf 89' lang='lat' dir='ltr'>senten·</span> 
     </span>
     <span class='ocr_line' id='line_1_25' title="bbox 245 2978 1350 3065; baseline -0.003 -19"><span class='ocrx_word' id='word_1_168' title='bbox 245 2982 325 3059; x_wconf 82' lang='lat' dir='ltr'>tiae3</span> <span class='ocrx_word' id='word_1_169' title='bbox 349 2979 481 3044; x_wconf 90' lang='lat' dir='ltr'>codices</span> <span class='ocrx_word' id='word_1_170' title='bbox 503 2980 533 3043; x_wconf 90' lang='lat' dir='ltr'><strong>R</strong></span> <span class='ocrx_word' id='word_1_171' title='bbox 556 2989 589 3044; x_wconf 91' lang='lat' dir='ltr'>et</span> <span class='ocrx_word' id='word_1_172' title='bbox 608 2981 639 3046; x_wconf 87' lang='lat' dir='ltr'>V</span> <span class='ocrx_word' id='word_1_173' title='bbox 662 2982 817 3064; x_wconf 83' lang='lat' dir='ltr'>praebent</span> <span class='ocrx_word' id='word_1_174' title='bbox 839 2978 958 3065; x_wconf 81' lang='grc' dir='ltr'>ἄχυρον,</span> <span class='ocrx_word' id='word_1_175' title='bbox 982 2989 1014 3045; x_wconf 91' lang='lat' dir='ltr'>et</span> <span class='ocrx_word' id='word_1_176' title='bbox 1035 2988 1070 3045; x_wconf 90' lang='lat' dir='ltr'>ut</span> <span class='ocrx_word' id='word_1_177' title='bbox 1092 2982 1232 3062; x_wconf 84' lang='lat' dir='ltr'>videtur,</span> <span class='ocrx_word' id='word_1_178' title='bbox 1256 2981 1350 3044; x_wconf 91' lang='lat' dir='ltr'>scho-</span> 
     </span>
     <span class='ocr_line' id='line_1_26' title="bbox 246 3086 1347 3174; baseline 0.001 -21"><span class='ocrx_word' id='word_1_179' title='bbox 246 3090 371 3168; x_wconf 86' lang='lat' dir='ltr'>liastes,</span> <span class='ocrx_word' id='word_1_180' title='bbox 409 3089 463 3171; x_wconf 89' lang='lat' dir='ltr'>qui</span> <span class='ocrx_word' id='word_1_181' title='bbox 485 3086 597 3172; x_wconf 82' lang='grc' dir='ltr'>ἄχυρον</span> <span class='ocrx_word' id='word_1_182' title='bbox 626 3110 665 3154; x_wconf 84' lang='lat' dir='ltr'>ex</span> <span class='ocrx_word' id='word_1_183' title='bbox 693 3089 831 3154; x_wconf 84' lang='lat' dir='ltr'>Platone</span> <span class='ocrx_word' id='word_1_184' title='bbox 859 3098 891 3155; x_wconf 90' lang='lat' dir='ltr'>et</span> <span class='ocrx_word' id='word_1_185' title='bbox 916 3090 1075 3174; x_wconf 84' lang='lat' dir='ltr'>Eupolide</span> <span class='ocrx_word' id='word_1_186' title='bbox 1109 3099 1347 3170; x_wconf 82' lang='lat' dir='ltr'>commemorat3</span> 
     </span>
     <span class='ocr_line' id='line_1_27' title="bbox 247 3178 1350 3283; baseline -0.002 -20"><span class='ocrx_word' id='word_1_187' title='bbox 247 3198 348 3263; x_wconf 90' lang='lat' dir='ltr'>ceteri</span> <span class='ocrx_word' id='word_1_188' title='bbox 370 3178 507 3282; x_wconf 76' lang='grc' dir='ltr'>ἀχυρῶνα</span> <span class='ocrx_word' id='word_1_189' title='bbox 529 3200 699 3281; x_wconf 79' lang='lat' dir='ltr'>praebent3</span> <span class='ocrx_word' id='word_1_190' title='bbox 733 3200 881 3282; x_wconf 80' lang='lat' dir='ltr'>rejicitur</span> <span class='ocrx_word' id='word_1_191' title='bbox 907 3207 1012 3264; x_wconf 87' lang='lat' dir='ltr'>autem</span> <span class='ocrx_word' id='word_1_192' title='bbox 1035 3199 1153 3283; x_wconf 85' lang='grc' dir='ltr'>ἀχυρών</span> <span class='ocrx_word' id='word_1_193' title='bbox 1178 3220 1197 3262; x_wconf 87' lang='lat' dir='ltr'>a</span> <span class='ocrx_word' id='word_1_194' title='bbox 1219 3199 1350 3282; x_wconf 84' lang='lat' dir='ltr'>Phryni-</span> 
     </span>
     <span class='ocr_line' id='line_1_28' title="bbox 247 3305 1350 3393; baseline 0 -21"><span class='ocrx_word' id='word_1_195' title='bbox 247 3308 307 3373; x_wconf 86' lang='lat' dir='ltr'>cho</span> <span class='ocrx_word' id='word_1_196' title='bbox 330 3308 363 3371; x_wconf 93' lang='lat' dir='ltr'>in</span> <span class='ocrx_word' id='word_1_197' title='bbox 385 3306 486 3371; x_wconf 86' lang='lat' dir='ltr'>Bekk.</span> <span class='ocrx_word' id='word_1_198' title='bbox 509 3309 569 3370; x_wconf 81' lang='lat' dir='ltr'>An.</span> <span class='ocrx_word' id='word_1_199' title='bbox 593 3329 623 3390; x_wconf 90' lang='lat' dir='ltr'>p.</span> <span class='ocrx_word' id='word_1_200' title='bbox 648 3305 727 3389; x_wconf 58' lang='lat'>731.</span> <span class='ocrx_word' id='word_1_201' title='bbox 771 3308 958 3371; x_wconf 87' lang='lat' dir='ltr'>Dindorfius</span> <span class='ocrx_word' id='word_1_202' title='bbox 985 3309 1117 3393; x_wconf 86' lang='lat' dir='ltr'>scripsit</span> <span class='ocrx_word' id='word_1_203' title='bbox 1142 3306 1282 3392; x_wconf 89' lang='grc' dir='ltr'>ἀχορμύν,</span> <span class='ocrx_word' id='word_1_204' title='bbox 1310 3308 1350 3372; x_wconf 91' lang='lat' dir='ltr'>de</span> 
     </span>
     <span class='ocr_line' id='line_1_29' title="bbox 246 3415 1025 3502; baseline -0.003 -20"><span class='ocrx_word' id='word_1_205' title='bbox 246 3438 308 3500; x_wconf 89' lang='lat' dir='ltr'>quo</span> <span class='ocrx_word' id='word_1_206' title='bbox 332 3416 426 3500; x_wconf 85' lang='lat' dir='ltr'>plura</span> <span class='ocrx_word' id='word_1_207' title='bbox 447 3415 557 3480; x_wconf 86' lang='lat' dir='ltr'>videas</span> <span class='ocrx_word' id='word_1_208' title='bbox 583 3417 616 3478; x_wconf 91' lang='lat' dir='ltr'>in</span> <span class='ocrx_word' id='word_1_209' title='bbox 638 3417 754 3479; x_wconf 83' lang='lat' dir='ltr'>Annot.</span> <span class='ocrx_word' id='word_1_210' title='bbox 777 3417 877 3481; x_wconf 84' lang='lat' dir='ltr'>Oxon.</span> <span class='ocrx_word' id='word_1_211' title='bbox 901 3440 931 3502; x_wconf 88' lang='lat' dir='ltr'>p.</span> <span class='ocrx_word' id='word_1_212' title='bbox 954 3415 1025 3480; x_wconf 75' lang='lat'>256.</span> 
     </span>
    </p>

    <p class='ocr_par' dir='ltr' id='par_1_9' title="bbox 155 3524 1349 4048">
     <span class='ocr_line' id='line_1_30' title="bbox 343 3524 1349 3610; baseline 0.003 -22"><span class='ocrx_word' id='word_1_213' title='bbox 343 3524 438 3602; x_wconf 79' lang='lat' dir='ltr'>Quod</span> <span class='ocrx_word' id='word_1_214' title='bbox 460 3526 500 3589; x_wconf 86' lang='lat' dir='ltr'>ad</span> <span class='ocrx_word' id='word_1_215' title='bbox 522 3526 725 3610; x_wconf 85' lang='lat' dir='ltr'>proverbium</span> <span class='ocrx_word' id='word_1_216' title='bbox 752 3527 857 3608; x_wconf 90' lang='lat' dir='ltr'>ipsum</span> <span class='ocrx_word' id='word_1_217' title='bbox 886 3528 1012 3608; x_wconf 83' lang='lat' dir='ltr'>attinet,</span> <span class='ocrx_word' id='word_1_218' title='bbox 1048 3526 1240 3592; x_wconf 81' lang='lat' dir='ltr'>scholiastes</span> <span class='ocrx_word' id='word_1_219' title='bbox 1267 3528 1349 3592; x_wconf 85' lang='lat' dir='ltr'>haec</span> 
     </span>
     <span class='ocr_line' id='line_1_31' title="bbox 245 3631 1346 3719; baseline 0 -20"><span class='ocrx_word' id='word_1_220' title='bbox 245 3635 359 3701; x_wconf 84' lang='lat' dir='ltr'>refert:</span> <span class='ocrx_word' id='word_1_221' title='bbox 382 3631 461 3702; x_wconf 83' lang='grc' dir='ltr'>ὄνος</span> <span class='ocrx_word' id='word_1_222' title='bbox 481 3634 530 3702; x_wconf 84' lang='grc' dir='ltr'>εἰς</span> <span class='ocrx_word' id='word_1_223' title='bbox 553 3635 727 3719; x_wconf 86' lang='grc' dir='ltr'>ἀχυρῶνα</span> <span class='ocrx_word' id='word_1_224' title='bbox 751 3634 904 3718; x_wconf 79' lang='grc' dir='ltr'>ἀπέδρα,</span> <span class='ocrx_word' id='word_1_225' title='bbox 928 3635 1012 3718; x_wconf 87' lang='lat' dir='ltr'>quod</span> <span class='ocrx_word' id='word_1_226' title='bbox 1037 3637 1083 3700; x_wconf 87' lang='lat' dir='ltr'>sic</span> <span class='ocrx_word' id='word_1_227' title='bbox 1101 3636 1282 3719; x_wconf 83' lang='lat' dir='ltr'>explicatur</span> <span class='ocrx_word' id='word_1_228' title='bbox 1306 3638 1346 3699; x_wconf 88' lang='lat' dir='ltr'>ab</span> 
     </span>
     <span class='ocr_line' id='line_1_32' title="bbox 243 3741 1348 3835; baseline -0.003 -26"><span class='ocrx_word' id='word_1_229' title='bbox 243 3747 357 3828; x_wconf 81' lang='lat' dir='ltr'>Apost.</span> <span class='ocrx_word' id='word_1_230' title='bbox 380 3744 455 3823; x_wconf 86' lang='grc' dir='ltr'>ΧΠ,</span> <span class='ocrx_word' id='word_1_231' title='bbox 478 3741 532 3810; x_wconf 76' lang='lat'>78:</span> <span class='ocrx_word' id='word_1_232' title='bbox 567 3742 614 3805; x_wconf 83' lang='grc' dir='ltr'>ἐπὶ</span> <span class='ocrx_word' id='word_1_233' title='bbox 635 3746 692 3806; x_wconf 86' lang='grc' dir='ltr'>τῶν</span> <span class='ocrx_word' id='word_1_234' title='bbox 714 3746 781 3828; x_wconf 83' lang='grc' dir='ltr'>παρ’</span> <span class='ocrx_word' id='word_1_235' title='bbox 804 3744 923 3813; x_wconf 81' lang='grc' dir='ltr'>ἐλπίδας</span> <span class='ocrx_word' id='word_1_236' title='bbox 946 3746 995 3835; x_wconf 21' lang='grc' dir='ltr'>,εἰς</span> <span class='ocrx_word' id='word_1_237' title='bbox 1017 3745 1118 3827; x_wconf 78' lang='grc' dir='ltr'>ἀχαδά</span> <span class='ocrx_word' id='word_1_238' title='bbox 1145 3743 1348 3828; x_wconf 82' lang='grc' dir='ltr'>ἐμπιπτόντων</span> 
     </span>
     <span class='ocr_line' id='line_1_33' title="bbox 245 3852 1348 3937; baseline 0.003 -22"><span class='ocrx_word' id='word_1_239' title='bbox 245 3857 292 3916; x_wconf 84' lang='grc' dir='ltr'>καὶ</span> <span class='ocrx_word' id='word_1_240' title='bbox 323 3854 434 3921; x_wconf 83' lang='grc' dir='ltr'>τούτοις</span> <span class='ocrx_word' id='word_1_241' title='bbox 468 3853 689 3921; x_wconf 79' lang='grc' dir='ltr'>ἀπολαυστικῶς</span> <span class='ocrx_word' id='word_1_242' title='bbox 723 3852 900 3937; x_wconf 79' lang='grc' dir='ltr'>χρωμένων,</span> <span class='ocrx_word' id='word_1_243' title='bbox 935 3855 987 3919; x_wconf 83' lang='lat' dir='ltr'>rel</span> <span class='ocrx_word' id='word_1_244' title='bbox 1022 3857 1055 3919; x_wconf 88' lang='lat' dir='ltr'>in</span> <span class='ocrx_word' id='word_1_245' title='bbox 1087 3861 1154 3919; x_wconf 87' lang='lat' dir='ltr'>not.</span> <span class='ocrx_word' id='word_1_246' title='bbox 1179 3855 1230 3919; x_wconf 88' lang='lat' dir='ltr'>ad.</span> <span class='ocrx_word' id='word_1_247' title='bbox 1254 3855 1348 3937; x_wconf 86' lang='lat' dir='ltr'>Diog.</span> 
     </span>
     <span class='ocr_line' id='line_1_34' title="bbox 155 3942 1320 4048; baseline -0.001 -21"><span class='ocrx_word' id='word_1_248' title='bbox 155 3942 157 3948; x_wconf 28' lang='grc' dir='ltr'>Ι</span> <span class='ocrx_word' id='word_1_249' title='bbox 245 3964 301 4044; x_wconf 88' lang='lat' dir='ltr'>VI,</span> <span class='ocrx_word' id='word_1_250' title='bbox 324 3961 379 4030; x_wconf 81' lang='lat'>91:</span> <span class='ocrx_word' id='word_1_251' title='bbox 402 3961 526 4024; x_wconf 75' lang='grc' dir='ltr'>ἐπὶτῶν</span> <span class='ocrx_word' id='word_1_252' title='bbox 550 3961 720 4046; x_wconf 75' lang='grc' dir='ltr'>ἀδηροίχων.</span> <span class='ocrx_word' id='word_1_253' title='bbox 765 3962 813 4028; x_wconf 80' lang='lat' dir='ltr'>Cf.</span> <span class='ocrx_word' id='word_1_254' title='bbox 838 3963 925 4029; x_wconf 87' lang='lat' dir='ltr'>Suid.</span> <span class='ocrx_word' id='word_1_255' title='bbox 949 3984 973 4027; x_wconf 72' lang='lat' dir='ltr'>s,</span> <span class='ocrx_word' id='word_1_256' title='bbox 995 3985 1025 4028; x_wconf 87' lang='lat' dir='ltr'>v.</span> <span class='ocrx_word' id='word_1_257' title='bbox 1048 3963 1170 4028; x_wconf 79' lang='lat' dir='ltr'>Erasm.</span> <span class='ocrx_word' id='word_1_258' title='bbox 1195 3986 1225 4048; x_wconf 91' lang='lat' dir='ltr'>p.</span> <span class='ocrx_word' id='word_1_259' title='bbox 1250 3963 1320 4026; x_wconf 82' lang='lat'><strong>396.</strong></span> 
     </span>
    </p>

    <p class='ocr_par' dir='ltr' id='par_1_10' title="bbox 225 4071 1349 4488">
     <span class='ocr_line' id='line_1_35' title="bbox 346 4071 1349 4158; baseline 0.001 -22"><span class='ocrx_word' id='word_1_260' title='bbox 346 4071 425 4136; x_wconf 83' lang='lat' dir='ltr'>Cum</span> <span class='ocrx_word' id='word_1_261' title='bbox 446 4072 693 4136; x_wconf 85' lang='lat' dir='ltr'>Atheniensibus</span> <span class='ocrx_word' id='word_1_262' title='bbox 717 4092 783 4136; x_wconf 89' lang='lat' dir='ltr'>mos</span> <span class='ocrx_word' id='word_1_263' title='bbox 807 4081 907 4154; x_wconf 80' lang='lat' dir='ltr'>esset,</span> <span class='ocrx_word' id='word_1_264' title='bbox 941 4079 976 4136; x_wconf 91' lang='lat' dir='ltr'>ut</span> <span class='ocrx_word' id='word_1_265' title='bbox 1001 4093 1053 4155; x_wconf 87' lang='lat' dir='ltr'>ea,</span> <span class='ocrx_word' id='word_1_266' title='bbox 1088 4094 1170 4156; x_wconf 87' lang='lat' dir='ltr'>quae</span> <span class='ocrx_word' id='word_1_267' title='bbox 1198 4074 1238 4138; x_wconf 88' lang='lat' dir='ltr'>ad</span> <span class='ocrx_word' id='word_1_268' title='bbox 1262 4095 1349 4158; x_wconf 87' lang='lat' dir='ltr'>pera-</span> 
     </span>
     <span class='ocr_line' id='line_1_36' title="bbox 241 4180 1349 4268; baseline -0.001 -21"><span class='ocrx_word' id='word_1_269' title='bbox 241 4181 352 4264; x_wconf 77' lang='lat' dir='ltr'>genda</span> <span class='ocrx_word' id='word_1_270' title='bbox 374 4201 468 4246; x_wconf 87' lang='lat' dir='ltr'>sacra</span> <span class='ocrx_word' id='word_1_271' title='bbox 489 4180 653 4244; x_wconf 82' lang='lat' dir='ltr'>Eleusinia</span> <span class='ocrx_word' id='word_1_272' title='bbox 679 4200 759 4265; x_wconf 90' lang='lat' dir='ltr'>opus</span> <span class='ocrx_word' id='word_1_273' title='bbox 786 4188 890 4264; x_wconf 77' lang='lat' dir='ltr'>erant,</span> <span class='ocrx_word' id='word_1_274' title='bbox 925 4183 1022 4245; x_wconf 92' lang='lat' dir='ltr'>asinis</span> <span class='ocrx_word' id='word_1_275' title='bbox 1057 4183 1209 4268; x_wconf 86' lang='lat' dir='ltr'>imposita</span> <span class='ocrx_word' id='word_1_276' title='bbox 1238 4184 1349 4268; x_wconf 86' lang='lat' dir='ltr'>depor-</span> 
     </span>
     <span class='ocr_line' id='line_1_37' title="bbox 245 4290 1349 4375; baseline 0.002 -20"><span class='ocrx_word' id='word_1_277' title='bbox 245 4297 351 4355; x_wconf 86' lang='lat' dir='ltr'>atrent</span> <span class='ocrx_word' id='word_1_278' title='bbox 373 4327 413 4336; x_wconf 91' lang='lat'>-</span> <span class='ocrx_word' id='word_1_279' title='bbox 435 4310 497 4374; x_wconf 84' lang='lat' dir='ltr'>qna</span> <span class='ocrx_word' id='word_1_280' title='bbox 520 4290 552 4353; x_wconf 91' lang='lat' dir='ltr'>in</span> <span class='ocrx_word' id='word_1_281' title='bbox 574 4310 609 4354; x_wconf 87' lang='lat' dir='ltr'>re</span> <span class='ocrx_word' id='word_1_282' title='bbox 631 4291 752 4354; x_wconf 83' lang='lat' dir='ltr'>auxilio</span> <span class='ocrx_word' id='word_1_283' title='bbox 780 4311 944 4356; x_wconf 87' lang='lat' dir='ltr'>servornm</span> <span class='ocrx_word' id='word_1_284' title='bbox 966 4292 1012 4354; x_wconf 91' lang='lat' dir='ltr'>uti</span> <span class='ocrx_word' id='word_1_285' title='bbox 1034 4313 1097 4363; x_wconf 86' lang='lat' dir='ltr'>non</span> <span class='ocrx_word' id='word_1_286' title='bbox 1120 4293 1169 4356; x_wconf 87' lang='lat' dir='ltr'>fas</span> <span class='ocrx_word' id='word_1_287' title='bbox 1192 4300 1276 4375; x_wconf 85' lang='lat' dir='ltr'>erat,</span> <span class='ocrx_word' id='word_1_288' title='bbox 1310 4312 1349 4357; x_wconf 91' lang='lat' dir='ltr'>ne</span> 
     </span>
     <span class='ocr_line' id='line_1_38' title="bbox 225 4385 1349 4488; baseline 0.004 -25"><span class='ocrx_word' id='word_1_289' title='bbox 225 4385 322 4485; x_wconf 85' lang='lat' dir='ltr'>¹quid</span> <span class='ocrx_word' id='word_1_290' title='bbox 344 4420 448 4464; x_wconf 88' lang='lat' dir='ltr'>rerum</span> <span class='ocrx_word' id='word_1_291' title='bbox 475 4420 639 4466; x_wconf 86' lang='lat' dir='ltr'>sacrarum</span> <span class='ocrx_word' id='word_1_292' title='bbox 669 4401 858 4484; x_wconf 84' lang='lat' dir='ltr'>proderetur</span> <span class='ocrx_word' id='word_1_293' title='bbox 880 4437 916 4448; x_wconf 87' lang='lat'>-·</span> <span class='ocrx_word' id='word_1_294' title='bbox 942 4401 1016 4467; x_wconf 90' lang='lat' dir='ltr'>inde</span> <span class='ocrx_word' id='word_1_295' title='bbox 1049 4404 1253 4486; x_wconf 85' lang='lat' dir='ltr'>proverbium</span> <span class='ocrx_word' id='word_1_296' title='bbox 1278 4424 1349 4488; x_wconf 91' lang='lat' dir='ltr'>pro·</span> 
     </span>
    </p>
   </div>
   <div class='ocr_carea' id='block_1_6' title="bbox 0 0 1554 4974">
    <p class='ocr_par' dir='ltr' id='par_1_11' title="bbox 0 0 1554 4974">
     <span class='ocr_line' id='line_1_39' title="bbox 0 0 1554 4974; baseline 0 1"><span class='ocrx_word' id='word_1_297' title='bbox 0 0 1554 4974; x_wconf 95' lang='lat' dir='ltr'> </span> 
     </span>
    </p>
   </div>
  </div>
 </body>
</html>
