3100 4974
748 301 786 363 12

667 391 865 399 ...φο-κῇ,-

179 501 182 514 '
218 503 264 566 sie
288 502 492 586 proverbium
514 502 693 584 explicans:
716 526 796 585 „non
820 504 859 568 de
880 504 929 583 iis,
952 503 1006 585 qui
1029 502 1171 566 consiliis
1193 502 1316 586 pollent

218 610 251 692 (i.
278 631 305 674 c.
328 614 385 672 τῶν
409 612 510 671 δεινῶν
533 612 752 694 συμβουλεύειν)
776 613 906 691 dicitur,
934 614 991 676 sed
1013 612 1088 695 quid
1112 619 1262 694 oporteat
1282 612 1315 675 in

218 720 352 784 consilio
375 720 494 800 dando,
522 720 598 801 quid
625 721 857 785 observandum
883 723 914 784 in
939 722 1048 805 primis
1072 722 1125 800 sit,
1148 741 1261 805 nempe
1282 729 1318 786 ut

216 829 365 910 καθαρῶς,
388 850 482 912 pure,
506 835 628 909 sancte,
655 832 793 913 integre,
821 851 898 895 vero
922 831 1026 895 animo
1050 830 1156 914 detur,
1188 837 1220 895 et
1241 831 1315 894 hinc

216 957 268 1002 res
284 958 385 1018 sacra,
407 936 492 1020 ἱερόν,
508 939 625 1031 dicitnr
640 940 818 1020 consilium,
842 961 881 1004 ex
903 960 979 1004 vero
1003 942 1106 1002 animo
1129 938 1314 1024 profectum,

122 1116 125 1133 1
216 1048 336 1128 absque
359 1046 424 1110 ullo
446 1047 562 1129 privati
581 1049 735 1114 commodi
752 1049 929 1133 respectuf‘
962 1048 1106 1112 Alteram
1122 1048 1316 1112 scholiastae

216 1155 361 1219 Platonis
382 1156 676 1239 interpretationem
698 1158 838 1242 ineptam
861 1177 944 1237 esse,
978 1164 1122 1242 apparet.
1168 1156 1207 1219 cf.
1231 1158 1314 1221 Xen.

215 1266 318 1329 Anab.
341 1265 381 1328 V.
405 1262 433 1344 6,
454 1264 484 1328 4.

316 1375 459 1456 Aequum
483 1380 515 1438 et
536 1395 645 1438 verum
671 1375 798 1453 injure
825 1374 960 1439 dicendo
997 1375 1208 1438 exercendum
1235 1395 1314 1455 esse,

217 1483 312 1546 docet
333 1484 548 1566 proverbium,
579 1484 718 1565 quodie
745 1504 833 1565 vesp.
858 1481 918 1546 725
940 1485 1069 1566 legitur:
1104 1482 1123 1568 ἧ
1146 1508 1202 1546 που
1225 1483 1316 1567 σοφὸς

215 1590 250 1676 ἦν
274 1590 350 1658 ὅστις
372 1588 508 1676 ἔφασκεν,
532 1593 608 1675 πρὶν
631 1590 670 1656 ἀν
694 1593 824 1676 ἀμφοῖν
848 1595 958 1675 μῦθον
981 1593 1151 1676 ἀκούσῃς,
1185 1593 1246 1656 οὐκ
1276 1591 1315 1655 ἀν

217 1702 391 1782 δικάσαις,
415 1722 506 1784 quem
530 1701 570 1765 ad
592 1702 697 1767 locum
726 1709 857 1766 annotat
886 1703 1088 1784 scholiastes,
1111 1702 1317 1786 proverbium

217 1812 264 1873 sic
287 1830 358 1875 esse
380 1811 565 1893 legendum:
599 1811 673 1894 μηδὲ
701 1811 780 1894 δίκην
808 1812 927 1893 δικάσῃς
950 1812 1012 1893 πρὶν
1036 1809 1071 1872 ἀν
1095 1811 1200 1893 ἀμφοῖν
1224 1809 1316 1891 μῦθον
1386 1845 1388 1849 -

217 2029 313 2110 gitur.
387 2028 513 2093 Similes
545 2029 635 2093 locos
679 2030 868 2093 Leutscnius
901 2030 932 2092 in
977 2029 1099 2094 adnott.
1134 2029 1175 2093 ad
1216 2029 1315 2093 Mant.

216 2137 310 2201 Prov.
327 2138 366 2218 ll,
380 2135 438 2218 6⁴⁶)
457 2137 571 2219 attulit,
594 2159 656 2220 quo
679 2138 751 2203 loco
774 2139 886 2202 eodem
908 2139 947 2201 de
978 2146 1109 2202 auctore
1131 2138 1224 2221 hujus
1247 2159 1317 2222 pro·

214 2246 318 2310 verbii
340 2246 499 2310 disseruit.
550 2245 662 2329 Neque
691 2255 796 2311 tamen
825 2248 1015 2312 testimoniis
1037 2254 1181 2312 veterum
1203 2247 1318 2331 dijudi-

216 2355 283 2418 cari
306 2363 420 2438 potest,
444 2361 547 2418 utrum
568 2356 738 2438 Hesiodus,
762 2378 801 2419 an
824 2357 1027 2438 Phocylides,
1051 2378 1091 2419 an
1115 2357 1315 2421 Democritus

215 2463 313 2529 fuerit
334 2471 456 2528 auctor.

315 2573 387 2637 Huc
410 2575 550 2657 pertinet
576 2573 710 2652 locuti0,
745 2575 778 2636 in
811 2595 875 2657 qna
907 2575 948 2639 de
976 2574 1120 2656 judicum
1151 2573 1318 2656 diligentia

215 2691 367 2747 accurate
394 2684 428 2746 in
456 2684 697 2767 quaestionibus
726 2685 881 2748 habendis
915 2684 1093 2748 exercenda
1120 2703 1223 2748 sermo
1251 2690 1315 2765 est,

216 2799 313 2875 poeta
334 2792 367 2855 in
388 2812 478 2877 vesp.
499 2791 624 2854 tal-3
645 2793 894 2876 Bdelyclecnem
918 2792 1099 2875 loquentem
1128 2792 1207 2858 lacit
1237 2793 1316 2857 haec

214 2902 330 2967 verba:

620 3026 667 3091 καὶ
689 3025 804 3107 λέγεται
825 3026 880 3111 γὰρ
904 3030 1022 3109 τουτογί

365 3139 413 3204 ὡς
434 3136 465 3199 ol
487 3138 653 3199 δικασταὶ
677 3135 912 3222 ψευδομένων
934 3140 1002 3199 τῶν
1025 3135 1217 3219 μαρτύρων

366 3243 468 3329 μόλις
489 3245 527 3306 τὸ
550 3248 695 3329 πρᾶγμα
718 3243 881 3328 ἔγνωσαν
901 3245 1196 3328 ἀναμασώμενοι.

316 3422 501 3504 Locutione,
525 3443 606 3505 quae
628 3423 678 3485 his
696 3423 803 3486 verbis
818 3423 909 3503 inest,
931 3422 1056 3504 dicitur,
1076 3422 1202 3501 judices
1224 3442 1318 3505 quae·

216 3530 315 3594 rende
338 3538 371 3595 et
390 3533 593 3615 requirendo,
616 3532 760 3615 quamvis
780 3540 879 3596 testes
901 3530 1015 3594 falsum
1038 3531 1184 3611 dixerint,
1213 3540 1319 3597 tamen

216 3659 325 3703 verum
347 3643 500 3725 reperire.
545 3640 730 3724 Quanquam
752 3661 853 3724 neque
877 3641 1070 3705 scholiastae
1084 3661 1187 3724 neque
1208 3660 1320 3725 paroe-

216 3750 395 3833 micgraphi
424 3771 493 3817 eam
519 3751 714 3816 locutionem
743 3771 873 3815 nurnero
895 3752 1137 3835 proverbiorum
1160 3750 1319 3815 adtribue-

216 3866 297 3940 runt,
320 3867 423 3924 tamen
447 3861 522 3924 mihi
544 3861 672 3944 quidem
694 3881 756 3924 non
779 3860 909 3923 dubium
923 3867 980 3941 est,
1002 3860 1078 3943 quin
1100 3879 1139 3924 ea
1153 3859 1319 3943 proverbii

215 3967 320 4031 locum
344 3970 527 4033 obtinuerit.
571 3968 655 4047 Quid
677 3970 761 4034 enim
788 3970 907 4033 certius
935 3969 1150 4033 testimonium
1173 3988 1244 4033 esse
1265 3988 1320 4052 po-

215 4083 288 4150 test,
311 4096 379 4141 eam
402 4077 501 4143 luisse
516 4079 759 4161 proverbialem,
783 4098 876 4161 quarn
891 4077 970 4139 illud
986 4078 1070 4161 quod
1086 4078 1319 4161 Aristophanes

215 4187 285 4270 ipse
304 4187 411 4251 verbis
433 4188 481 4249 καὶ
503 4187 620 4269 λέγεται
640 4185 695 4270 γὰρ
719 4188 836 4269 τουτογί
853 4187 1092 4271 proverbialem
1113 4208 1203 4250 usum
1225 4194 1319 4251 testa-

320 4352 347 4421 *l
369 4352 469 4408 Omnes
488 4357 579 4420 notae,
598 4370 666 4422 quae
684 4356 719 4407 ad
741 4353 999 4422 paroemiographcs
1024 4353 1174 4422 pertinent,
1193 4353 1226 4405 ad
1244 4366 1317 4420 corp.
1392 4406 1398 4423 ,

215 4461 332 4517 paream.
351 4446 392 4501 ed.
410 4463 426 4500 a
443 4445 600 4502 Leutsch.
617 4447 654 4501 et
667 4445 910 4501 Schneidewin.
928 4444 1081 4499 referendae
1099 4447 1171 4499 sunt.
