3100 4974
718 235 759 298 63

193 455 255 498 non
277 434 404 500 fortiter
426 423 641 519 audacterque
664 437 817 517 subirent,
844 436 901 502 sed
928 438 1040 520 quavis
1062 440 1186 504 ratione
1208 440 1292 505 devi-

193 553 262 607 tare
282 551 446 628 cuperent.
491 546 641 609 Erasmus
664 567 693 628 p.
708 545 770 606 ὑὺὑ
789 548 1084 631 interpretationem
1105 549 1187 612 hanc
1203 570 1292 631 prac-

193 655 258 716 bet:
284 673 374 733 „cum
399 654 504 736 agitur
522 654 674 738 periculo,
697 674 757 717 non
782 657 930 720 convenit
952 657 1171 739 tergiversari,
1194 664 1248 721 aut
1264 660 1290 722 si

192 761 307 841 mavis,
341 762 372 824 in
406 769 638 844 praesentaneo
665 763 808 846 periculo
835 785 897 828 non
931 773 1059 849 oportet
1091 767 1292 831 occasionem

192 875 390 954 exspectare,
413 871 676 953 quemadmodum
698 872 770 934 aliis
793 872 825 935 in
848 875 951 947 rebus.
996 874 1094 938 Velut
1116 875 1141 937 si
1166 876 1236 958 quis
1257 876 1291 939 in
1327 890 1329 894 ’

191 980 301 1041 morbo
335 979 465 1062 capitali
500 981 655 1045 medicum
693 964 856 1064 operiatur
889 983 1045 1064 insignem
1081 990 1137 1045 ant
1178 985 1291 1068 procul

192 1088 448 1152 arcessendum“.
485 1090 603 1153 Iterum
625 1089 743 1172 legitur
762 1089 883 1167 locutio
905 1091 938 1152 in
953 1089 1058 1172 frgmt.
1075 1089 1136 1152 318
1159 1099 1191 1155 et
1208 1092 1289 1156 Plat.

190 1196 231 1260 de
252 1197 337 1279 legg.
361 1195 390 1258 ὑ.
1014 1187 1017 1194 ’

234 1296 238 1302 ’
290 1298 516 1369 A'ccrtamine
539 1325 649 1370 cursus
664 1307 833 1371 nonnullae
849 1307 1055 1390 metaphorae
1072 1290 1291 1392 proverbiales

189 1412 458 1496 profectaesnnt
482 1431 659 1497 quaesunt
688 1414 754 1476 ἀπὸ
788 1415 978 1501 βαλβῖδος,
1013 1416 1083 1476 eat
1111 1414 1290 1501 γραμμῆς,

191 1521 257 1583 ἀπὸ
281 1522 478 1605 ὑσπλιγγος;
501 1543 630 1605 quarum
648 1524 780 1605 primam
794 1524 971 1587 invenimus
994 1525 1025 1588 in
1049 1546 1136 1610 vesp.
1151 1524 1221 1607 548,
1237 1528 1291 1590 ubi

189 1630 377 1695 Philocleon
400 1631 601 1695 demonstare
624 1632 742 1712 studet,
759 1631 903 1714 judicum
926 1652 1036 1696 munus
1060 1636 1197 1698 omnium
1220 1654 1299 1699 essc-

184 1739 466 1823 jucundissimum:
479 1784 483 1790 ,

232 1850 279 1909 καὶ
301 1848 356 1930 μὴν
378 1847 512 1928 εὐὺδς’γ’
535 1842 601 1909 dat
625 1848 802 1934 βαλβίδων
821 1848 885 1929 περὶ
907 1854 957 1928 τῆς
980 1848 1074 1933 ἀρχῆς
1096 1849 1240 1919 ἀποδείξω
1296 1890 1300 1897 ,

232 1962 283 2038 τῆς
304 1956 446 2039 ἡμετέροις
468 1958 511 2023 ὡς
532 1956 668 2039 οὐδεμιᾶς
689 1958 784 2040 ’ἥττων
807 1956 880 2018 ἐστὶν
903 1958 1058 2041 βασιλείας.

190 2067 272 2131 Orta
293 2080 343 2130 est
364 2066 484 2129 locutio
507 2064 564 2126 ἀπὸ
587 2066 732 2150 βαλβιδων
754 2087 773 2129 a
795 2065 891 2129 stadii
914 2065 1111 2148 carceribus,
1135 2070 1291 2150 aquibus

191 2196 320 2240 currere
342 2175 554 2258 incipiebana3
578 2183 773 2259 quapropter
791 2183 883 2244 recte
909 2174 1083 2255 Zenonll,
1107 2175 1124 2237 7
1149 2178 1292 2260 explicat

191 2306 260 2349 eam
283 2305 355 2368 per:
379 2283 437 2345 οἷον
459 2281 517 2344 ἀπὸ
540 2283 648 2366 ἀρχῆς·
691 2283 812 2348 lladem
835 2284 976 2349 occurrit
997 2285 1029 2348 in
1053 2305 1122 2368 equ.
1148 2286 1242 2349 1159:

433 2390 506 2473 ἄφες
527 2390 585 2453 ἀπὸ
607 2392 753 2477 βαλβίδων
775 2391 828 2475 ἐμέ
849 2392 948 2454 τεκαὶ
970 2394 1084 2456 τουτονί

431 2500 475 2561 ἵνα
498 2502 523 2560 σ’
546 2497 577 2562 εὖ
601 2506 728 2582 ποιῶμεν
751 2500 782 2569 ἐξ
802 2499 874 2566 ίσοο.

189 2609 292 2673 Simili
316 2609 440 2672 ratione
462 2629 481 2671 a
505 2608 702 2691 Dicaeopole
724 2610 757 2673 in
778 2611 859 2673 Ach.
882 2594 943 2672 483
969 2610 1089 2674 locutio
1123 2613 1240 2694 γραμμὴ
1265 2612 1290 2673 δ’

189 2715 275 2801 αὑτηί
302 2724 454 2802 usurpata
475 2725 538 2796 est,
571 2718 612 2782 de
638 2739 700 2801 qua
722 2718 815 2800 Diog.
839 2718 879 2799 ll,
903 2715 975 2780 83a
995 2718 1074 2809 hacc
1107 2718 1199 2785 dicit:
1233 2718 1290 2799 ded

191 2830 322 2910 γραμμῆς
344 2827 447 2907 αὑτῆςῑ
482 2825 514 2887 ἐκ
548 2828 713 2909 μεταφορᾶς
746 2830 803 2886 τῶν
836 2824 998 2911 τρεχόντων
1026 2833 1059 2892 et
1081 2826 1168 2891 Suid.
1197 2849 1220 2892 s.
1245 2851 1288 2893 v.:

194 2933 249 2995 οἷον
270 2934 326 2996 ἀπὸ
350 2936 457 3018 ἀρχῆς·
491 2933 523 2995 ἐκ
557 2937 722 3017 μεταφορᾶς
744 2938 795 3017 τῆς
825 2938 882 2995 τῶν
906 2934 1039 3017 δρομέων
1062 2934 1222 3019 cipe-appia<
1244 2937 1290 2998 καὶ

192 3049 330 3127 γραμμῆς,
354 3042 389 3125 ἣν
413 3041 512 3125 ἄφεσιν
534 3043 581 3103 καὶ
602 3043 727 3126 βαλβῖδα
749 3045 895 3106 καλοῦσιν.

289 3152 407 3217 Similis
429 3152 551 3215 locutio
574 3153 712 3233 itemquo
743 3172 762 3215 a
796 3151 968 3215 certamine
995 3172 1106 3215 cursus
1134 3153 1290 3218 translata

187 3270 237 3325 est
259 3261 327 3323 ἀπὸ
354 3264 440 3338 μιᾶς,
456 3260 650 3341 ὕσπληγος,
677 3260 766 3343 cujus
788 3261 877 3323 vocis
901 3259 1003 3323 forma
1025 3261 1137 3325 dorica
1159 3272 1209 3326 est
1231 3261 1299 3323 ἀπὸ·

187 3373 252 3453 μιᾶς
274 3369 461 3451 ὑσπλαγίδος,
484 3390 565 3453 quac
587 3370 704 3451 legitur
726 3369 758 3431 in
772 3368 845 3452 Lys.
868 3367 954 3449 1000,
976 3370 1030 3432 ubi
1046 3370 1180 3433 nuncius
1191 3369 1289 3434 Lace·

187 3479 343 3543 daemone
366 3480 478 3543 missus
501 3479 580 3542 haec
605 3478 691 3543 facta
715 3498 794 3557 esse,
815 3477 927 3543 refert:

846 3583 919 3669 ἄρχε
942 3634 949 3648 .
974 3635 981 3648 .
1003 3636 1010 3649 .
1034 3636 1041 3648 .
1064 3586 1187 3669 ιλαμπιὺ,

387 3693 487 3758 ἔπειτα
508 3693 615 3756 τᾶλλαι
637 3694 682 3756 ταὶ
704 3692 777 3754 κατὰ
801 3691 935 3776 Σπάρταν
959 3694 1020 3775 ἁμᾶ

387 3809 517 3885 γυναῖκες
532 3794 606 3886 ᾇπερ
630 3802 687 3863 ἀπὸ
718 3804 796 3882 μιᾶς
825 3801 1047 3884 ὑσπλαγίδος

390 3915 523 3996 ἀπήλααν
547 3913 603 3978 τὼς
627 3910 733 3993 ἄνδρας
756 3910 813 3971 ἀπὸ
836 3915 893 3972 τῶν
918 3912 1061 3992 ὑσσάκων,
1250 3983 1252 3986 γ

187 4022 302 4105 quibus
324 4023 430 4092 verbis
454 4022 585 4085 nuncius
608 4019 714 4100 refert,
737 4019 834 4084 veluti
857 4021 889 4082 in
912 4020 1025 4101 stadio,
1050 4021 1122 4085 t'une
1139 4021 1287 4102 demisse,

188 4151 336 4196 cursores
358 4150 465 4195 omnes
488 4130 580 4194 simul
603 4150 730 4193 currere
752 4130 945 4212 inciperent,
979 4130 1025 4192 ita
1047 4129 1288 4194 Lacedaemone

187 4260 296 4304 omnes
319 4239 467 4303 mulieres
490 4240 600 4303 eodem
624 4249 766 4322 tempore
788 4257 937 4320 negasse,
972 4257 1006 4301 se
1028 4238 1212 4302 maritorum
1235 4259 1287 4302 vo-

186 4350 302 4415 luntati
325 4351 534 4432 obsecuturos
556 4367 636 4433 esse.
