3100 4974
725 285 925 380 ..υ-

897 506 1015 570 ,saepe
1036 487 1191 571 lapillos,

395 593 442 659 Ut
460 596 592 677 cymbae
614 594 781 661 instabiles
802 597 900 661 fluctu
917 598 1063 680 jactante
1085 599 1258 679 suburram,

396 703 535 785 Tollunt,
553 704 603 768 his
626 724 698 770 sese
720 725 779 789 per
801 706 910 770 inania
931 707 1040 771 nubila
1062 707 1209 771 librant.“

374 862 479 927 Aliter
510 863 666 944 originem
700 867 938 930 consuetudinis
973 868 1136 950 explicant
1157 866 1281 931 Aelian.
1312 865 1377 948 περὶ
1406 951 1408 955 ¹

275 972 359 1044 ζώων
381 970 454 1052 3,13
488 981 520 1036 et
541 973 623 1037 Plio.
646 975 675 1039 b.
697 996 726 1038 n.
753 974 843 1054 1023
867 974 934 1059 (30)
970 978 1145 1057 „excubias
1167 976 1285 1039 habent
1318 974 1376 1057 (sc.

274 1078 383 1163 grues)
406 1082 570 1143 nocturnis
594 1085 789 1163 temporibus
811 1084 958 1165 lapillum
980 1087 1063 1167 pede
1087 1086 1294 1165 sustinentes,
1323 1082 1377 1166 qui

273 1191 399 1253 laxatus
422 1208 532 1253 somno
555 1196 587 1253 ct
609 1189 760 1253 decidens
782 1190 1013 1271 indiligentiam
1037 1196 1222 1275 coarguat.“
1266 1193 1379 1257 Tertia

275 1298 413 1379 denique
436 1296 658 1378 interpretatio
683 1317 733 1380 ap.
758 1295 844 1360 Suid.
870 1316 894 1359 s.
911 1318 941 1360 v.
963 1298 1090 1378 legitur,
1115 1302 1169 1381 qui
1192 1321 1254 1364 non
1277 1301 1378 1365 solum

169 1454 172 1460 «
275 1400 493 1486 illumgruum
518 1424 644 1482 morem,
668 1403 835 1467 sedetiam
852 1405 1062 1484 proverbium,
1086 1404 1232 1485 γέρανοι
1254 1409 1379 1477 λίθους

242 1580 244 1583 ,
275 1513 444 1597 φέρουσι,
472 1512 556 1594 quod
590 1532 630 1576 ex
650 1511 712 1576 hcc
741 1532 852 1594 gruum
875 1532 962 1577 more
990 1521 1092 1577 crtum
1122 1521 1186 1595 cst,
1220 1515 1375 1596 explicat:

161 1629 165 1638 '
274 1622 321 1684 ἐπὶ
341 1627 398 1684 τῶν
420 1625 618 1704 προνοητικῶς
639 1644 664 1682 τι
685 1622 859 1684 ποιούντων·
881 1623 910 1684 αἱ
925 1620 981 1706 γὰρ
1001 1621 1114 1705 γέρανοι
1135 1620 1183 1685 διὰ
1204 1622 1238 1684 πό
1261 1622 1291 1684 ἐν
1313 1623 1377 1706 iper

274 1729 412 1793 πέτεσθαι
434 1731 481 1791 καὶ
502 1734 540 1812 τῇ
562 1729 602 1797 είς
625 1728 696 1793 εὐθύ
720 1730 799 1815 ὁρμῇ
821 1731 872 1815 τὴν
895 1732 941 1794 ἐπὶ
961 1730 998 1795 τὰ
1021 1732 1102 1793 κοίτω
1129 1730 1201 1793 θεὰν
1225 1730 1376 1812 ‘spendide-

275 1840 352 1921 σθαι,
376 1840 474 1906 λίδους
495 1839 692 1922 βαστάζουσιν,
716 1838 797 1907 όπως
818 1840 978 1921 κοίμνυυσαι
992 1846 1030 1923 τῇ
1052 1842 1155 1924 πτήσει
1177 1840 1309 1923 pictores,
1331 1839 1379 1901 κα1

178 1958 180 1964 ’
275 1947 432 2031 αἴσθοιντο,
454 1945 577 2032 πότερον
599 1948 645 2010 ἐπὶ
666 1947 759 2031 pact]
784 1950 936 2033 θαλάσσης
958 1948 1106 2033 φέρονται·
1137 1949 1184 2012 καὶ
1210 1949 1235 2012 εί
1258 1949 1309 2032 μὲν
1334 1946 1379 2009 ἐπὶ

277 2059 427 2142 θαλάσσης
449 2059 516 2141 ἥκοι
537 2057 553 2120 ό
577 2057 673 2140 λίθος,
707 2057 826 2120 ἀνύουσι
847 2062 900 2144 τὴν
923 2057 1006 2121 ὁδὸν·
1040 2058 1121 2121 εἰδὲ
1144 2058 1279 2141 tulpia,
1313 2055 1379 2119 ἀνα·

276 2169 423 2232 παύονται.
469 2166 509 2232 cf.
532 2168 645 2251 Apost.
669 2168 707 2250 V,
730 2166 779 2233 35.
803 2170 887 2251 App.
910 2168 934 2248 I,
957 2165 1006 2230 to.
1051 2167 1266 2249 Quaecunque
1288 2167 1379 2247 origo

275 2277 369 2360 hujus
390 2276 564 2341 locutionis
588 2285 648 2357 est,
683 2278 887 2361 proverbium
910 2278 1075 2342 de‘cautis
1098 2276 1306 2360 providisque
1327 2274 1380 2338 ho-

276 2387 414 2451 minibus
439 2387 472 2450 in
495 2406 553 2449 usu
581 2385 693 2467 fuisse,
728 2395 855 2451 constat
886 2393 968 2451 teste
992 2386 1103 2470 Suida3
1136 2404 1240 2468 neque
1274 2392 1381 2448 tamen

276 2495 524 2579 Aristophanem
547 2496 589 2559 ad
610 2497 815 2578 proverbium
836 2497 939 2579 ipsum
963 2503 1141 2579 spectasse,
1176 2494 1234 2559 sed
1261 2493 1380 2558 fontem

277 2606 370 2669 mede
394 2605 574 2688 proverbii,
606 2604 627 2668 i.
651 2624 679 2669 e.
704 2606 964 2670 consuetudinem
992 2626 1104 2688 gruum
1124 2605 1251 2690 lapides
1272 2622 1382 2668 secum

230 2797 234 2804 ⁸
279 2714 435 2796 portandi,
459 2715 530 2778 istis
552 2715 661 2779 verbis
684 2715 839 2797 attigisse,
861 2712 1006 2798 apparet.
1093 2781 1097 2787 ,

378 2848 493 2913 Restat
517 2856 552 2912 ut
574 2849 614 2913 de
637 2849 683 2913 cis
707 2850 891 2938 proverbiis
912 2849 1189 2933 locutionibusque
1216 2847 1379 2926 disseram,

278 2977 359 3040 quae
383 2958 422 3021 de
444 2957 667 3039 plantarum
689 2965 802 3022 natura
824 2959 1013 3045 deprompta
1035 2964 1116 3023 sunt.

378 3101 415 3165 In
437 3122 527 3184 vesp.
549 3099 612 3163 436
635 3100 841 3184 Bdelycleon,
864 3108 1034 3187 postquam
1058 3121 1226 3183 vesparum
1249 3100 1380 3163 chorum

279 3231 313 3274 se
336 3211 575 3293 aggredientem
597 3212 687 3292 vidit,
711 3230 822 3276 servos
844 3212 877 3275 in
899 3212 1050 3276 auxilium
1072 3216 1180 3291 vocat,
1199 3208 1315 3291 jocose
1338 3208 1382 3271 di·

279 3340 355 3385 cens
378 3323 418 3386 ῶς
438 3317 498 3400 ἐγὼ
520 3322 639 3382 πολλῶν
663 3319 790 3388 οἰκούσας
813 3317 878 3382 οἰδα
900 3321 988 3403 θρίων
1011 3319 1059 3382 τὸν
1077 3316 1180 3403 ψόφον,
1204 3318 1258 3381 nbi
1273 3317 1372 3381 schol.

278 3427 357 3512 παρὰ
380 3431 430 3511 τὴν
453 3427 604 3510 παροιμίαν
627 3412 795 3510 ,πολλῶν
823 3427 893 3510 ἐγὼ
920 3428 1027 3512 θρίων
1051 3426 1191 3512 ψόφους
1212 3425 1381 3510 ἀκήκοα.“

278 3538 314 3600 τὰ
334 3537 390 3619 γὰρ
412 3537 480 3621 θρῖα
501 3535 640 3618 καιόμενα
662 3541 762 3624 ψοφεῖ·
795 3535 905 3621 εἴρηται
927 3538 961 3601 δὲ
983 3539 1002 3620 ἡ
1031 3536 1168 3622 παροιμία
1195 3535 1241 3599 iul
1266 3539 1323 3599 τῶν
1346 3536 1382 3598 δέ

279 3646 400 3730 ἀπειλῆς
433 3644 558 3729 θόρυβον
590 3647 638 3710 καὶ
669 3645 779 3731 κόμπον
812 3646 1007 3730 ἐμποιούντων
1040 3649 1180 3731 διακενῆς.
1239 3645 1384 3723 Quadrat

277 3757 398 3822 locutio
421 3755 454 3821 in
476 3777 581 3840 senes,
616 3758 670 3842 qui
696 3778 865 3841 vesparum
894 3757 996 3822 forma
1018 3758 1140 3837 induta,
1174 3754 1383 3838 Bdclycleoni

278 3868 343 3930 vim
376 3866 489 3931 afferre
522 3866 648 3931 frustra*
672 3868 838 3932 minantur.
884 3867 967 3945 Quid
990 3869 1032 3932 sit
1065 3867 1153 3950 θρῖον,
1189 3865 1383 3949 explicatum

278 3976 413 4059 legimus
435 3976 467 4039 in
490 3977 610 4041 adnott.
634 3977 675 4042 ad
698 3976 792 4058 Diog.
815 3976 888 4057 Vll,
911 3974 965 4042 92:
1001 3975 1099 4058 ,θρῖον
1127 3973 1302 4039 farciminis
1335 3980 1385 4037 est

280 4106 392 4170 genus,
416 4106 479 4169 quc
501 4086 594 4169 plebs
616 4087 829 4151 Athenienses
850 4086 1053 4151 vehementer
1079 4084 1300 4148 delectabatur
1327 4081 1382 4163 (cf.

280 4196 360 4261 Ach.
385 4194 476 4259 1101.
500 4196 596 4277 equit.
620 4194 709 4277 960);
742 4217 857 4260 nomen
879 4195 1020 4279 accepit,
1048 4194 1132 4276 quod
1156 4193 1300 4274 singulae
1322 4211 1383 4272 res,

281 4325 321 4370 ex
343 4305 456 4389 quibus
472 4307 729 4388 componebatur,
753 4305 784 4368 in
808 4306 896 4388 θρῖον,
920 4304 999 4368 lions
1015 4303 1124 4368 lolium
1139 4302 1385 4369 involvebantur

281 4415 377 4498 inque
400 4434 438 4480 eo
462 4416 708 4497 coquebantur.“
753 4414 791 4478 In
818 4420 928 4480 nostro
951 4420 1056 4481 autem
1078 4412 1250 4496 pruverbio
1271 4431 1384 4476 vocem
