3100 4974
351 939 610 1037 Sententiae
642 942 967 1038 eonirovorsae.
1034 1026 1036 1033 ,

606 1144 707 1154 .-—-

108 1264 137 1327 1.
160 1262 224 1326 Pro
256 1260 362 1324 verbis
395 1259 493 1323 sohel.
521 1261 683 1344 Aristoph.
718 1259 759 1323 ad
785 1280 856 1344 pao.
882 1258 976 1324 1310:
1009 1258 1092 1321 οὐδὲν
1121 1256 1205 1342 ἔργον

208 1376 282 1441 ἐστὶν
317 1374 469 1458 ἀνδρῶν,
502 1375 536 1458 ἣν
566 1377 606 1459 μή
632 1400 658 1439 τι
679 1377 726 1438 καὶ
759 1378 945 1460 μάχωνται
976 1376 1112 1460 legenda
1135 1397 1206 1443 esse

208 1495 287 1559 haee
311 1512 439 1558 censeo:
468 1493 553 1555 οὐδὲν
575 1490 660 1575 ἔργον
683 1492 756 1554 ἐστὶν
791 1491 962 1574 ὀδόντων,
992 1492 1028 1576 ἢν
1050 1495 1090 1577 μή
1113 1517 1139 1556 τι
1160 1493 1208 1556 καὶ

209 1614 400 1693 μασῶνται.
450 1645 454 1653 ·

106 1762 137 1827 2.
181 1764 218 1827 In
251 1762 416 1844 Aristoph.
450 1782 499 1825 av.
536 1759 573 1824 16
609 1761 801 1853 locutionem
834 1761 1068 1845 proverbialem
1101 1760 1207 1826 inesse

209 1885 339 1944 auctore
376 1878 415 1943 G.
450 1879 631 1942 Hermanno
668 1877 790 1961 (opusc.
827 1878 923 1955 VIII,
959 1900 988 1962 p.
1026 1876 1137 1939 309-
1155 1876 1206 1959 10)

211 1997 368 2077 existim03
403 2002 600 2080 quapropter
626 1993 828 2059 scribendum
855 2015 926 2060 esse
958 2015 1074 2060 oenseo
1096 1994 1129 2057 ἐκ
1150 1998 1207 2056 τῶν

208 2106 335 2195 Ὀρνεῶν
357 2134 415 2198 pro
438 2112 470 2175 ἐκ
492 2116 548 2176 τῶν
571 2111 679 2197 ὀρνέων
700 2112 862 2175 librorum.

17 2298 20 2369 1
111 2262 142 2326 3.
166 2263 316 2327 Mensinm
338 2264 565 2349 Delphieorum
587 2271 652 2327 tres
673 2262 803 2326 Baoeho
825 2263 1005 2326 consecrati
1029 2273 1133 2344 erant3
1155 2282 1206 2325 no·

211 2378 422 2446 minaeorum
446 2388 518 2444 aunt
540 2378 732 2464 Δᾳδαφόρως,
757 2377 933 2462 aenaeam,
952 2374 1104 2461 Ἀμάλως.

106 2531 138 2593 4.
161 2530 199 2593 In
219 2531 308 2596 Pers.
332 2539 390 2597 sat.
413 2533 453 2613 V,
479 2531 516 2593 13
535 2531 702 2615 legendum
734 2551 806 2596 esse
839 2551 953 2595 eenaeo
985 2529 1114 2615 etloppo
1148 2548 1206 2614 pro

211 2648 358 2734 seloppo.

107 2799 137 2862 5.
162 2798 200 2862 In
215 2799 304 2864 Pers,
329 2807 388 2864 eat.
406 2800 445 2881 V,
470 2800 508 2862 19
529 2799 698 2864 lectionem
721 2798 865 2863 codicum
881 2798 1104 2879 recentiorem,
1127 2816 1207 2880 quos

213 2915 250 2980 Ο.
267 2917 350 2981 Jahn
373 2919 404 2982 in
427 2919 476 2983 od.
492 2916 597 2982 Berol.
616 2914 695 2978 1868
711 2923 787 2980 nota
802 2937 816 2982 ς
831 2914 1000 2997 signifieat,
1022 2916 1207 2998 comprobo,

212 3054 275 3116 qua
298 3032 427 3101 bullatis
449 3055 508 3118 pro
532 3035 659 3117 pullatis
682 3034 827 3098 codicum
849 3055 867 3092 α
890 3032 915 3096 Ο
937 3031 1064 3116 legitur.
