3100 4974
786 276 827 337 80

709 365 908 372 m

358 477 395 540 In
418 455 514 561 resp.⁸
530 458 587 539 'ur
611 478 705 561 hujus
726 479 897 542 locutionis
920 477 1110 541 mentionem
1133 475 1249 539 factam
1273 495 1359 540 esse:

460 611 506 673 καὶ
528 614 618 674 ταῦτα
641 612 691 694 μὲν
714 609 764 673 οὖν
785 610 925 691 εὐλόγως,
951 599 988 692 ἤν
1011 609 1118 693 ἐξέχῃ

461 718 538 803 eila
561 721 615 781 καὶ
637 717 778 804 ὄρθρον,
800 721 913 800 ἡλιάσει
933 718 1006 801 πρὸς
1026 720 1138 802 ἥλιον·

462 827 512 889 ἐὰν
535 829 568 891 δὲ
590 829 667 913 cipp,
691 829 762 912 πρὸς
784 830 817 890 τὸ
837 831 891 910 πῦρ
915 829 1089 912 καθήμενος,

257 950 324 1033 jam
342 952 539 1017 Burmannus
561 955 593 1016 in
617 962 781 1019 comment.
806 954 847 1019 ad
868 955 897 1017 h.
921 955 941 1017 l.
965 954 1098 1017 notavit.
1132 951 1223 1028 Quod
1247 952 1286 1015 ad
1309 953 1363 1027 λιιι·

237 1060 311 1141 ‘jus
333 1060 502 1124 locutionis
524 1063 678 1144 originem
706 1065 831 1145 attinet,
865 1063 1024 1145 Bergkius
1057 1064 1089 1124 in
1116 1069 1201 1145 poet.
1231 1061 1289 1144 lyr.
1314 1081 1363 1142 gr.

262 1191 291 1253 p.
311 1167 517 1239 lusu-1312
531 1172 685 1253 admonet,
710 1193 778 1237 cam
798 1193 837 1236 ex
861 1173 999 1235 carmine
1023 1171 1169 1256 populari
1192 1170 1362 1253 prodiisse.
1435 1206 1438 1210 Δ

362 1295 436 1358 Alia
457 1317 625 1379 puerorum
640 1298 761 1362 locutio
780 1306 829 1362 est
850 1302 897 1380 τῷ
919 1296 1036 1359 σκέλει
1057 1298 1117 1379 τὴν
1140 1293 1363 1378 πέτρανθεί·

261 1424 342 1484 νειν,
376 1425 439 1486 qua
461 1415 556 1487 poeta
577 1408 609 1469 in
632 1428 681 1470 av.
702 1406 744 1469 54
766 1414 920 1488 nauseet,
953 1407 1007 1469 ubi
1029 1406 1250 1470 Peithetaerus
1273 1404 1365 1468 Euel-

262 1511 369 1594 pidem
390 1524 558 1598 postquam
581 1516 621 1580 cd
644 1537 754 1580 saxum
776 1522 1003 1601 pervenerunt,
1037 1515 1090 1577 nbi
1124 1522 1218 1596 porta
1250 1513 1364 1576 domus

262 1641 389 1704 upupae
422 1631 503 1704 erat,
534 1625 584 1687 his
618 1628 725 1690 uerbis
760 1627 916 1690 allocutus
944 1630 1005 1690 est:
1039 1629 1081 1707 τῷ
1103 1621 1200 1684 σκέλει
1221 1620 1289 1683 θένε
1311 1620 1364 1704 τὴν

262 1728 379 1814 πέτρον.
412 1732 497 1796 Usus
520 1742 569 1797 est
589 1750 685 1818 poeta
699 1736 860 1799 locutione
876 1734 1012 1816 quadam
1027 1753 1205 1816 puerorum,
1227 1736 1262 1794 ut
1277 1730 1366 1793 scho

262 1836 373 1903 liastes
397 1840 503 1906 docet:
528 1843 599 1924 πρὸς
621 1846 745 1926 τὴντῶν
768 1844 878 1906 παίδων
901 1843 1053 1927 συνήθειαν
1076 1845 1160 1903 τοῦτο
1184 1839 1274 1920 λέγει’
1294 1836 1367 1922 φασὶ

263 1948 317 2031 γὰρ
340 1949 441 2013 ἐκεῖνοι
463 1951 534 2034 πρὸς
550 1952 700 2036 ἀλλήλους
716 1951 823 2020 ἰδόντες
845 1951 929 2035 ὄρνεα
953 1953 1022 2034 „ua
1039 1949 1072 2012 τὸ
1088 1949 1190 2016 σκέλος
1212 1953 1251 2031 τῇ
1272 1946 1366 2030 πέτρᾳ

263 2058 310 2119 καὶ
332 2063 484 2121 πεσοῦνται
507 2059 542 2121 τὰ
565 2058 679 2142 ὅρνεα.“
723 2062 875 2126 Similiter
898 2061 982 2145 apud
1006 2079 1063 2123 nos
1086 2059 1189 2143 pueri,
1220 2078 1290 2121 curn
1311 2077 1367 2120 vo·

262 2167 370 2261 lucres
393 2169 517 2250 vident,
550 2191 629 2252 quas
652 2192 768 2256 capere
792 2172 935 2254 cupiunt,
963 2171 1047 2234 inter
1069 2189 1103 2234 se
1122 2169 1237 2252 jocose
1259 2168 1370 2232 dicere

266 2276 369 2340 solent
393 2287 498 2358 „streu
521 2279 591 2342 dem
614 2281 720 2362 Vogel
743 2280 816 2345 Sala
840 2279 897 2343 auf
915 2281 975 2344 den
999 2279 1180 2344 Schwanz.“

364 2403 413 2467 De
436 2386 655 2469 adulatoribus
676 2405 797 2469 locutio
819 2407 932 2469 in-usu
949 2413 1026 2485 erat,
1049 2423 1130 2485 quae
1153 2409 1203 2467 est
1224 2401 1373 2484 ἀφαιρεῖ

263 2508 453 2592 apicellae,
477 2534 569 2597 quam
591 2514 839 2598 Aristophanem
862 2534 1033 2598 usurpasse
1054 2513 1153 2578 refert
1172 2511 1296 2577 Suidas.
1326 2510 1383 2590 cl.⁴

265 2621 363 2684 Arist.
387 2620 492 2705 frgmt.
516 2621 587 2686 360.
632 2623 751 2687 Eadem
781 2623 821 2709 de
848 2623 1011 2687 locutione
1038 2623 1215 2707 disputavit
1236 2620 1369 2704 Phryni-

266 2729 343 2792 chus
379 2729 440 2810 (ed.
465 2732 597 2816 Bekk.)
619 2731 706 2814 427:
741 2732 849 2795 τίθεται
875 2731 908 2794 δὲ
935 2731 980 2793 ἐπὶ
1005 2735 1062 2794 τῶν
1089 2732 1181 2793 πάντα
1208 2728 1368 2792 ποιούντων

266 2840 312 2902 διὰ
345 2839 513 2919 κολακείαν,
547 2842 702 2917 ὥστεκαὶ
732 2840 953 2925 παρεπομένους
982 2842 1113 2924 ἀφαιρεῖν
1140 2837 1283 2922 aptata<
1316 2843 1369 2920 τῆς

266 2949 390 3031 ἐσθῆτος
411 2947 429 3030 ἦ
452 2950 565 3033 κάρφος
587 2973 611 3010 τι
632 2956 684 3033 τῆς
705 2951 835 3034 κεφαλῆς
856 2949 875 3032 ἢ
898 2953 949 3012 τοῦ
971 2950 1090 3032 γενείου.

366 3075 415 3140 De
449 3076 553 3139 stultis
585 3076 777 3157 hominihus,
812 3077 865 3157 qui
892 3078 925 3139 in
948 3077 1043 3140 rebus
1066 3074 1256 3156 simpliciter
1277 3073 1369 3157 perfi-

267 3183 391 3248 ciundis
414 3185 619 3250 difficultates
642 3195 843 3269 quaererent,
870 3185 1032 3250 velutin
1057 3184 1172 3248 Latino
1196 3183 1366 3264 proverbio

267 3301 327 3374 est,
361 3295 468 3375 quiin
493 3296 599 3379 scirpo
622 3297 738 3359 nodum
761 3302 952 3377 quaererent
984 3293 1038 3377 (ci.
1062 3294 1164 3358 Plaut.
1189 3292 1271 3355 Men.
1292 3289 1369 3353 247.

267 3401 342 3466 Teo.
378 3403 475 3466 Andr.
506 3401 596 3487 941),
634 3404 785 3468 dicebant
817 3404 948 3469 Graeci:
980 3403 1066 3463 scot
1099 3400 1275 3483 παρούσης
1305 3400 1369 3480 τὴν

268 3510 421 3592 ἀτραπὸν
445 3515 572 3594 ζητεῖς,
601 3514 685 3594 quod
709 3513 911 3596 prouerbium
935 3533 954 3575 a
975 3512 1058 3575 Mac.
1081 3509 1151 3592 uui
1174 3510 1260 3574 etin
1282 3509 1368 3591 App.

266 3620 323 3701 IV,
342 3619 380 3682 12
403 3621 581 3702 explicatur
602 3643 673 3706 per:
697 3621 824 3683 ἐπὶτῶν
847 3622 1012 3703 προδήλων,
1037 3628 1069 3685 et
1089 3640 1140 3704 ap.
1163 3622 1276 3702 Apost.
1293 3617 1366 3696 XII,

267 3728 321 3790 34:
349 3729 394 3790 ἐπι
415 3733 472 3792 τῶν
495 3729 769 3813 καταλιμπανόντων
790 3730 825 3792 τὰ
848 3731 925 3812 δῆλα
947 3730 994 3792 καλ
1016 3729 1179 3812 ζητούντων
1202 3726 1237 3788 τὰ
1261 3726 1364 3811 ἀφανῆ.

265 3840 385 3921 Attigit
401 3840 486 3903 hanc
508 3841 699 3906 locutionem
720 3847 817 3924 poeta
838 3846 947 3904 noster
968 3841 1000 3904 in
1023 3836 1163 3919 nunus,
1183 3838 1239 3899 ubi
1263 3837 1369 3917 Strep-

265 3948 373 4013 siades
396 3954 494 4013 totam
517 3959 720 4033 pernoctem
743 3951 922 4030 meditatus,
945 3947 1102 4031 quomodo
1119 3967 1159 4010 er
1173 3965 1249 4025 aere
1264 3945 1369 4009 alieno

267 4057 467 4139 liberaretur,
491 4079 559 4122 cum
577 4059 714 4142 denique
729 4080 798 4123 eam
812 4060 897 4121 viam
912 4058 994 4121 inire
1008 4056 1200 4121 instituisset
1221 4064 1256 4117 ut
1270 4053 1370 4117 filium

269 4167 422 4250 sophistis
444 4168 620 4233 docendum
643 4169 797 4250 traderet,
830 4167 1034 4234 exclamauit:
1069 4168 1117 4226 νῦν
1145 4161 1195 4225 οὖν
1223 4161 1295 4246 ὅλην
1317 4162 1368 4245 τὴν

268 4274 356 4338 νύκτα
377 4277 535 4360 φροντίζων
559 4278 629 4340 ὁδοῦ
651 4279 716 4361 μίαν
739 4277 835 4362 εὗρον·
859 4275 1012 4359 ἀτραπὸν
1034 4272 1187 4357 δαιμονίως
1210 4271 1354 4355 ὑπερφυᾶ.

369 4404 474 4468 lltiam
496 4407 529 4468 in
552 4404 717 4469 comoedia
734 4400 898 4488 Ἀνάγυρος
911 4401 1156 4485 Aristophanem
1170 4399 1304 4464 eandem
1319 4397 1371 4459 lo·
