3100 4974
733 273 773 335 21

203 472 253 535 vis
277 470 434 536 translata
456 472 644 554 continetur,
667 496 737 538 cum
759 476 965 559 proverbium
980 475 1020 540 de
1035 476 1082 540 eis
1098 476 1232 559 dicatur,
1254 479 1309 561 qui

205 579 326 645 frustra
348 581 470 663 aliquid
494 588 602 664 agunt.

306 689 370 754 Vel
392 690 565 773 proverbio
581 691 644 774 ipsi
666 693 860 775 significatio
882 695 1023 759 obscena
1037 694 1121 759 inest
1133 695 1166 758 in
1189 695 1307 761 eccles.

202 797 279 879 255,
309 800 362 861 ubi
383 800 548 864 mulierum
569 822 633 865 una
655 808 785 882 rogata,
809 801 886 884 quid
908 801 1032 866 factura
1056 805 1111 884 sit,
1135 804 1162 867 si
1186 805 1309 870 malea

202 907 359 972 Neoclide
367 907 562 973 sibidicatur
569 911 596 971 τί
605 908 873 993 δ’,ἣνΝεοκλείόης,
886 910 902 972 ὁ
914 912 1037 993 γλυὶμων
1050 934 1083 973 σε
1092 913 1307 995 λυιδυρῇ,θαυο

201 1016 390 1102 respondet:
412 1023 508 1100 τούτῳ
524 1017 575 1099 μὲν
592 1016 673 1081 εἶπον
695 1018 725 1086 ἐς
751 1021 857 1086 κυνὸς
878 1019 1087 1105 πυγὴνὸρᾶν,
1116 1022 1172 1084 ubi
1206 1023 1306 1086 schol.

201 1125 339 1209 παροιμία
366 1125 483 1209 παιδικὴ
518 1126 565 1189 ἐπὶ
597 1129 655 1188 τῶν
686 1126 936 1212 ὀφθαλμιώντων,
971 1127 1019 1195 εἰς
1052 1129 1157 1197 κυνὸς
1189 1131 1306 1213 πυγὴν

202 1233 289 1317 ὁρᾶν
322 1234 383 1295 καὶ
415 1237 520 1314 τριῶν
554 1234 769 1300 ἀλωπέκων.
812 1237 904 1302 Haec
927 1238 1026 1320 igitur
1048 1238 1306 1321 jocosalocutio

202 1342 241 1407 de
262 1342 363 1426 lippis
385 1342 418 1406 in
440 1364 498 1409 usu
522 1350 600 1426 erat,
624 1345 721 1428 quisi
744 1347 775 1409 in
798 1345 946 1430 podicem
967 1347 1055 1410 cauis
1070 1347 1228 1431 triumque
1242 1348 1307 1412 vul-

201 1453 289 1536 pium
311 1452 535 1536 inspexissent,
558 1452 696 1517 futurum
719 1474 798 1535 esse,
821 1462 856 1518 ut
871 1456 911 1519 ab
926 1456 1088 1519 oculorum
1105 1459 1215 1520 morbo
1230 1458 1307 1522 libe·

199 1569 355 1627 rarentur.
380 1560 419 1627 cf.
442 1564 557 1645 Apost.
579 1562 635 1644 VI,
658 1561 709 1626 84.
731 1564 815 1647 App.
839 1560 964 1645 11.‚2o.
1005 1564 1128 1647 Tetigit
1149 1565 1210 1630 hoc
1233 1585 1306 1650 pro·

201 1671 346 1736 verbium
367 1670 600 1756 Aristophanes
622 1670 655 1734 in
678 1672 757 1735 th.
779 1670 941 1738 sea-63:

328 1769 331 1773 ⁵
401 1780 471 1863 ὑμὲς
492 1780 527 1859 δ’,
551 1778 615 1841 ὅσοι
637 1777 779 1865 Θείβαθεν
801 1779 925 1864 αὐληταὶ
946 1781 1035 1865 πάρα,

400 1891 459 1957 τοῖς
480 1888 602 1957 doricum
625 1894 736 1973 φυσῆτε
757 1889 812 1950 uhu
834 1889 993 1972 πρωκτὸν
1017 1888 1131 1972 κυνός,

201 1998 256 2062 ubi
278 1999 391 2064 schol:
415 2001 463 2060 τὸν
486 1998 520 2060 δὲ
541 2001 673 2079 πρωκτὸν
696 2001 780 2066 κυνὸς
795 1998 953 2082 κυμμοὶτιόν
969 1998 1043 2061 ἐστιν
1065 1998 1123 2060 ἀπὸ
1139 2001 1302 2083 παροιμίας,

202 2107 237 2191 ἣν
260 2110 318 2175 τοῖς
338 2106 539 2191 ὀφθαλμιῶαιν
562 2103 683 2190 ἔλεγον,
717 2106 745 2174 ἐς
767 2106 903 2190 πρωκτὸν
930 2107 1015 2184 κυνὸς
1040 2107 1141 2194 βλέπε.
1186 2111 1304 2176 Obsce-

200 2217 293 2280 niore
313 2217 393 2282 haec
416 2224 497 2297 sunt,
530 2237 626 2300 quam
646 2222 682 2280 ut
703 2215 796 2300 plura
826 2217 927 2280 verba
957 2217 1088 2299 faciam,
1121 2226 1157 2282 ut
1178 2219 1302 2284 Erasm.

198 2348 229 2410 p.
251 2324 323 2408 316,
347 2327 464 2390 decore
486 2325 579 2389 dicit:
615 2325 691 2405 ,has
724 2324 872 2408 proiecto
901 2346 1003 2408 nugas
1031 2328 1158 2411 pigeret
1185 2329 1303 2393 adscri-

198 2437 284 2515 bere,
306 2435 340 2498 ni
358 2435 560 2520 propositum
583 2440 681 2514 esset,
715 2434 807 2518 operi
840 2441 992 2519 suscepto
1009 2456 1074 2518 per
1095 2438 1201 2502 omnia
1223 2439 1302 2503 satis

321 2545 336 2576 ι

197 2543 421 2730 ιοὸοθῐθ(λυυθεὶ
453 2653 487 2716 in
516 2651 621 2735 srgmt.
645 2650 705 2713 601
741 2649 796 2733 (cf.
820 2651 992 2733 Phrynich.
1015 2651 1116 2719 Bekk.
1139 2676 1171 2738 p·
1195 2653 1301 2740 3137)

196 2763 332 2846 legimus
365 2765 482 2843 γαλῆν
512 2759 791 2823 καταπέπωκεν·
830 2755 879 2825 Ἀ,
906 2759 956 2821 ἐπί
973 2783 1046 2829 τινος
1068 2760 1134 2825 νέου
1157 2763 1198 2846 μὴ
1221 2765 1303 2825 δυνα-

199 2870 284 2952 μένου
315 2870 507 2955 φθέγξασθαι·
540 2869 662 2952 χρήσαιο
691 2867 755 2931 δ’ἆν
783 2868 831 2931 καὶ
858 2868 946 2936 αὐτὸς
971 2869 1018 2932 ἐπὶ
1044 2875 1151 2939 παντὸς
1174 2872 1239 2953 (τοῦ
1261 2875 1301 2956 μὴ

201 2979 287 3044 addit
301 2978 480 3060 Bekherus)
496 2977 706 3062 φθεγγομένου,
728 3000 792 3044 uon
809 2979 937 3044 dubium
952 2980 1030 3043 mihi
1045 2987 1102 3063 est,
1125 2983 1200 3064 quin
1221 2982 1301 3046 haec

197 3089 317 3153 locutio
340 3089 437 3154 fuerit
459 3089 614 3171 vulgaris,
636 3109 708 3152 nam
730 3090 998 3172 etsinonaperte
1016 3089 1208 3172 dictumest,
1231 3111 1301 3156 eam

196 3218 269 3263 esse
282 3198 530 3282 proverbialem,
553 3208 659 3262 tamen
681 3218 721 3263 ex
742 3198 869 3262 ratione
883 3199 1128 3282 interpretandi,
1144 3220 1227 3282 quae
1242 3220 1301 3284 per

196 3312 298 3372 verba
320 3306 368 3369 ἐπί
387 3329 469 3374 τινος.
486 3330 513 3370 κ.
529 3330 554 3370 τ.
571 3306 594 3370 ἑ.
610 3306 655 3388 fit,
677 3307 894 3390 intelligimus,
917 3308 1113 3372 locutionem
1134 3309 1301 3392 vulgarem

196 3437 216 3480 a
242 3416 426 3499 Phrynicho
458 3417 600 3479 habitam
636 3436 717 3481 esse.
782 3416 877 3482 Unde
909 3418 1113 3501 proverbium
1146 3419 1301 3501 originem

196 3526 337 3605 duxerit,
367 3547 385 3589 a
408 3526 588 3607 Phrynicho
616 3546 679 3589 non
701 3532 751 3590 est
772 3526 939 3605 traditum3
974 3546 1078 3609 neque
1100 3528 1228 3591 aliunde
1250 3548 1300 3592 ex·

196 3637 323 3716 qnirere
345 3635 446 3718 potui.
488 3634 773 3718 Paroemiographi
795 3635 878 3699 enim
902 3641 1042 3698 nostram
1065 3636 1193 3719 quidem
1214 3637 1299 3700 locu-

194 3745 314 3808 tionem
361 3764 425 3808 non
461 3750 668 3822 notaverunt,
717 3743 773 3807 sed
827 3743 921 3807 aliam
962 3744 1097 3809 similem
1134 3747 1299 3829 praebent,
1342 3802 1346 3805 .

195 3873 278 3935 quae
301 3861 351 3918 est
371 3856 464 3934 γαλῆν
487 3849 581 3935 ἔχεις·
616 3872 666 3936 ap.
691 3853 786 3934 Diog.
808 3853 866 3934 III,
889 3851 946 3919 84:
981 3853 1027 3914 ἐπὶ
1049 3857 1107 3914 τῶν
1130 3853 1299 3916 ἀπυτευκτι-

195 3964 269 4024 νῶν·
302 3960 430 4044 παρόσον
463 3961 489 4022 οἱ
518 3964 609 4042 γαλῆν
639 3959 758 4046 ἔχοντες
781 3960 835 4024 οὐκ
857 3962 1024 4047 εὐτυχοῦσι,
1058 3984 1130 4026 nam
1163 3956 1299 4028 mustela

195 4071 279 4136 inter
300 4071 450 4135 animalia
471 4071 675 4154 inauspicata
702 4079 735 4135 et
756 4070 896 4136 infausta
922 4071 1073 4153 refertur,
1108 4072 1148 4136 cl.
1171 4073 1297 4137 Aelisn.

194 4203 258 4264 περ.
285 4181 371 4252 ζώων
399 4180 436 4243 ἰδ.
457 4180 531 4261 XV,
554 4180 595 4245 ΙΙ.
641 4180 705 4244 Sed
728 4200 768 4244 ex
794 4182 854 4245 hoo
883 4182 1057 4266 proverbio
1086 4182 1166 4245 nihil
1192 4184 1297 4267 repeti

195 4310 291 4373 posse
314 4290 355 4353 ad
375 4288 597 4371 explicandum
629 4289 723 4371 illud,
761 4290 831 4373 quis
854 4297 904 4356 est
928 4291 982 4372 qui
1015 4312 1077 4355 non
1109 4292 1297 4376 intellegat?

195 4399 302 4477 Quone
325 4399 416 4482 origo
437 4399 610 4463 locutionis
631 4406 763 4464 nostrae
785 4401 923 4465 obscura
944 4405 1058 4465 manet.
1302 4398 1306 4404 ’
