3100 4974
746 262 847 324 83·

225 462 345 542 Quodsi
369 463 557 528 scholiastes
579 464 690 547 refert,
726 465 858 531 formam
888 466 1060 531 locutionis
1091 467 1173 531 hanc
1207 467 1318 534 fuisse:

223 572 264 640 εἰς
295 571 347 655 τὴν
370 573 462 656 πυγὴν
485 571 650 656 tiathiram
677 575 695 658 ἡ
719 575 816 659 σοφία,
850 596 931 658 quae
963 577 996 639 in
1022 578 1105 660 App.
1132 575 1241 657 11,32
1273 580 1320 644 sio

224 681 416 766 explicatur:
430 680 486 767 tal
508 686 564 744 τῶν
587 683 677 765 μηδὲν
691 683 818 768 χρηστὸν
835 683 980 766 λεγόντων
995 682 1016 767 ἥ
1029 684 1220 768 φρονούντων,
1244 687 1320 751 mihi

226 790 352 875 quidem
376 810 427 855 res
450 790 543 856 aliter
565 812 600 857 se
621 792 739 858 habere
761 793 899 874 videtum
934 813 1004 858 mea
1026 794 1176 877 opinione
1193 794 1321 877 locutio,

223 921 304 983 quae
325 900 358 963 in
380 905 495 982 poetae
511 901 616 966 verbis
632 903 812 969 continetur
834 923 898 966 non
914 903 1015 966 minus
1030 904 1194 985 proverbii
1215 904 1333 968 locum

223 1009 366 1091 obtinuit,
390 1029 483 1093 quam
506 1029 551 1090 ea,
575 1031 667 1094 quam
689 1011 721 1074 in
744 1011 875 1075 scholiis
897 1011 1039 1094 legimus.
1083 1010 1151 1075 Nos
1175 1013 1320 1078 similiter

222 1118 355 1183 dicimus
378 1118 455 1200 „das
477 1118 562 1183 Herz
585 1119 617 1181 in
641 1120 703 1184 den
724 1120 834 1184 Hosen
856 1119 990 1184 haben.“

321 1227 433 1293 Altera
465 1227 504 1292 de
539 1227 658 1292 timidis
687 1227 867 1293 hominibus
900 1228 988 1292 dicta
1019 1228 1139 1293 locutio
1172 1235 1221 1294 est
1256 1230 1319 1312 τὴν
1351 1228 1356 1239 ’

221 1336 329 1398 αὑτοῦ
355 1338 455 1400 σκιοὶν
479 1335 656 1419 δέδοικεν,
690 1357 783 1419 quam
810 1337 1057 1421 Aristophanem
1078 1338 1110 1401 in
1132 1339 1319 1431 Babyloniis

220 1466 402 1529 usurpasse,
430 1446 619 1511 scholiastes
642 1445 723 1509 Plat.
746 1443 805 1507 381
832 1445 895 1528 (ed.
918 1445 1032 1527 Bekh.)
1067 1449 1238 1513 memoriae
1259 1469 1318 1533 pro

221 1555 311 1620 didit.
289 1555 427 1635 Quid
442 1556 538 1620 locu
516 1563 561 1620 tro
577 1554 640 1618 s1h1
655 1553 743 1635 velit,
759 1563 902 1638 apertum
922 1563 980 1619 est.
1015 1555 1182 1640 οΙΗΑροεΙ
1159 1554 1236 1621 16
1237 1556 1318 1639 492

222 1664 260 1729 G.
284 1664 319 1729 O
342 1665 377 1729 L
400 1665 458 1744 ΙΙΙ,
435 1661 530 1727 Ι18
575 1662 611 1739 Q.
639 1663 754 1727 Cicero
778 1664 818 1728 de
841 1670 905 1747 pet.
883 1665 1047 1730 teonsul
1069 1663 1135 1744 aze
1158 1668 1223 1730 An
1211 1675 1316 1731 onius

220 1776 361 1837 umbram
385 1793 471 1836 suam
494 1779 557 1837 me
557 1781 613 1836 u1
592 1771 677 1836 tot
699 1772 821 1837 Erosm.
845 1794 876 1857 p
900 1773 969 1837 415

320 1883 461 1947 Tertiam
484 1882 577 1965 hujus
591 1883 720 1965 generis
735 1881 832 1946 locut
809 1890 927 1947 tionem
949 1884 979 1946 in
996 1902 1093 1966 vesp.
1100 1880 1161 1945 643
1176 1883 1318 1967 legimus,

220 1992 275 2055 ubi
296 1991 482 2055 Philocleon
505 1990 712 2075 Bdelycleoni
734 1990 849 2055 malum
870 1992 981 2055 minita
983 1999 1041 2073 t,ur
1064 1990 1232 2076 dicensi]
1213 1993 1319 2076 ημὴν

220 2098 279 2182 ἐγώ
302 2122 335 2161 σε
355 2102 478 2184 τήμερον
500 2122 607 2183 σκοτη
637 2096 833 2185 βλέπειν
805 2100 932 2182 ποιήσω,
967 2100 1021 2164 ubi
1044 2100 1148 2166 schol:
1181 2100 1227 2162 ἐπὶ
1259 2105 1319 2164 τῶν

220 2209 399 2272 δειλιώντων.
433 2210 573 2275 Eandem
589 2209 723 2293 Eupolis
740 2212 915 2293 usurpavit,
938 2210 978 2274 cl.
992 2210 1129 2274 Meinelr.
1145 2210 1185 2292 ll,
1198 2231 1229 2292 p.
1241 2210 1318 2275 541:

177 2381 180 2388 ,
219 2317 349 2402 ἀτεχνῶς
371 2318 422 2402 μὲν
444 2316 494 2381 οὖν
516 2322 549 2380 rh
572 2316 736 2400 λεγόμενον,
761 2318 850 2402 σκύτη
873 2318 984 2403 βλέπει.
1016 2318 1056 2382 el.
1074 2319 1156 2384 Mae.
1172 2319 1244 2400 Vll,
1268 2319 1317 2384 70.

219 2426 336 2492 Zenoh.
367 2429 428 2511 Vl,
466 2427 495 2491 2.
539 2428 657 2511 Attigit
688 2428 770 2491 hano
803 2428 995 2493 locutionem
1022 2428 1253 2512 Aristophanes
1285 2429 1318 2491 in

217 2556 287 2619 pac.
317 2535 391 2616 669,
427 2537 481 2601 uhi
514 2537 681 2619 Trygaens
714 2544 845 2621 rogatus
880 2559 898 2600 a
931 2537 1107 2618 Mercurio,
1139 2536 1317 2621 imperante

220 2646 305 2711 Pace
329 2646 403 2729 dea,
432 2668 489 2711 cur
510 2666 622 2731 pacem
644 2668 706 2711 non
728 2647 876 2710 iniissent
896 2646 1118 2727 Athenienses,
1141 2667 1222 2728 quae
1244 2654 1319 2731 post

219 2755 331 2838 Pylum
354 2764 566 2840 expugnatam
590 2755 699 2819 oblata
721 2762 813 2835 esset,
838 2755 916 2819 haec
938 2754 1118 2839 respondit:
1142 2754 1240 2823 δνοῦς
1261 2753 1316 2839 γὰρ

219 2865 302 2947 ἡμῶν
324 2862 359 2948 ἧν
382 2863 439 2925 πότ’
462 2864 490 2926 ἐν
513 2868 585 2930 τοῖς
608 2862 765 2946 σκύτεσι,
794 2883 875 2946 quae
897 2865 996 2927 verba
1019 2863 1207 2929 scholiastes
1229 2872 1317 2930 recte

220 2974 266 3036 sio
300 2972 453 3058 explieat:
487 2971 549 3035 ἀντὶ
582 2977 632 3036 τοῦ
666 2972 695 3035 ἐν
729 2971 814 3057 φόβῳ
847 2975 898 3034 τοῦ
920 2964 1066 3040 Κλέωνος.
1112 2973 1232 3038 Jocose
1254 2994 1317 3037 vor

220 3079 323 3149 σκδπος
345 3083 432 3148 dicta
454 3089 511 3164 est,
534 3083 619 3165 qnod
636 3082 735 3147 Cleon
750 3083 784 3145 in
798 3082 858 3145 hac
877 3081 1044 3146 comoedia
1061 3101 1231 3165 personam
1247 3083 1317 3165 ejus

218 3193 343 3275 agebat,
366 3192 421 3275 qui
443 3192 568 3256 Graece
591 3191 785 3276 βυρσοπώλης
807 3198 951 3256 vocatur.

295 3342 300 3355 ·
318 3300 408 3383 Pigri
422 3301 566 3365 homines
581 3302 689 3367 dieerc
704 3301 863 3366 solebant:
885 3299 917 3362 τί
931 3297 995 3383 γὰρ
1012 3298 1129 3381 πάθω,
1154 3298 1316 3360 σκάπτειν

218 3409 280 3493 γὰρ
303 3408 365 3472 οὐκ
387 3409 596 3492 ἐπίσταμαι,
621 3411 735 3494 quibus
757 3410 865 3474 verbis
888 3410 1086 3494 sycophanta
1107 3409 1141 3471 in
1163 3429 1210 3471 av.
1238 3405 1317 3469 1432

217 3518 417 3602 vituperatus
450 3540 469 3582 a
500 3519 722 3601 Peithetacro,
755 3518 855 3602 quod,
887 3518 1032 3601 quamvis
1065 3516 1252 3581 adulescens
1285 3524 1318 3582 et

218 3648 355 3712 corpore
377 3648 454 3692 sano
477 3636 570 3709 essct,
591 3641 696 3693 tamen
719 3629 797 3692 nihil
819 3628 906 3693 aliud
930 3632 1055 3709 ageret,
1088 3626 1151 3690 nisi
1172 3634 1208 3689 ut
1229 3645 1318 3709 syco-

219 3737 438 3820 phantaretur,
470 3738 632 3823 pigritiam
661 3732 701 3801 et⁴
722 3737 891 3802 scelestam
921 3737 1019 3801 vitam
1048 3755 1135 3800 suam
1163 3754 1317 3799 excusare

219 3846 334 3911 studet.
359 3845 399 3910 cf.
422 3867 510 3932 vesp.
533 3845 602 3911 959.
619 3845 689 3911 989.
711 3846 787 3910 Luc.
804 3847 937 3911 lcarom.
961 3850 990 3908 3.
1014 3864 1126 3926 evang.
1143 3843 1219 3908 Luc.
1235 3841 1316 3925 16,3;

218 3953 295 4019 εἶπεν
312 3956 344 4018 δὲ
356 3956 449 4041 αὑτῷ·
469 3957 497 4018 τί
508 3958 635 4040 ποιήσω,
651 3956 784 4019 σκάπτειν
800 3955 855 4039 γὰρ
870 3956 922 4018 οὐκ
937 3954 1096 4037 ἐπίσταμαι.
1121 3952 1317 4019 Scholiastes

218 4065 259 4129 ad
282 4087 331 4129 av.
355 4064 434 4127 1432
454 4065 565 4147 refert,
589 4067 793 4150 proverbium
815 4071 957 4129 nostrum
980 4063 1076 4127 simili
1105 4064 1230 4127 ratione
1257 4062 1317 4127 for-

218 4186 333 4240 matum
357 4182 536 4257 esseatque
558 4175 600 4256 id,
623 4176 752 4257 quod
727 4187 769 4239 sit
791 4175 863 4257 πεζὴ
885 4174 1008 4259 βαδίζω·
1031 4173 1125 4234 σκοίπτ
1127 4195 1167 4233 ειν
1183 4170 1316 4234 nort

219 4307 341 4367 σταμοιι,
376 4304 457 4368 quae
483 4285 589 4348 verba
612 4292 764 4368 corrupta
786 4286 868 4349 Bent
869 4283 948 4347 leius
970 4289 1059 4347 rtoee
1027 4282 1294 4346 temendavit
1285 4304 1318 4345 1n

219 4397 292 4479 πεζὴ
315 4393 439 4480 βαδίζω
462 4397 532 4457 νεῖν
554 4391 685 4477 supuda
707 4393 866 4480 ἐπίσταμαι
902 4391 1185 4475 Νιιωνεεδοπεζή
1209 4392 1246 4475 βα
1227 4391 1317 4464 αδίζω

1167 4507 1208 4562 6*
