3100 4974
711 296 752 359 29

176 497 282 562 medio
303 496 464 580 relinquo;
487 518 527 562 ea
549 505 653 563 antem
675 501 785 579 verba,
808 498 943 581 quaein
964 498 1091 563 Thesm.
1117 497 1144 562 1.
1165 498 1280 564 Mnesi-

177 607 292 673 lochus
315 605 355 669 ad
378 590 565 690 Euripidem
588 627 760 671 conversus
783 607 872 687 dixit,
896 626 1043 690 sperans,
1067 606 1137 672 fore
1157 615 1193 672 ut
1214 614 1280 672 tan·

176 715 250 779 dem
272 715 321 779 ire
343 715 512 797 desineret,
535 718 676 799 speeiem
698 716 863 799 proverbii
883 715 1001 780 habere
1023 717 1099 779 mihi
1123 717 1279 781 videntur.

174 824 269 889 Haeo
292 831 365 889 sunt
385 827 498 890 verba:
521 823 628 906 ὧΖεῦ,
652 826 779 911 χελιδὼν
801 822 859 907 ἇροὶ
881 827 1141 910 nortpertinorum
1159 825 1193 889 in
1216 827 1280 908 qui·

177 933 240 996 bus
254 934 329 1016 quin
345 933 531 1015 metaphora
554 935 763 1015 eontinentur,
786 935 903 1000 nemini
919 935 1049 999 dubium
1066 954 1137 1000 esse
1159 939 1280 1019 potest3
1358 1012 1361 1018 Ι

174 1042 230 1105 rel
252 1061 312 1125 ego
334 1063 400 1106 non
422 1043 532 1107 dubito
554 1043 724 1123 affirmare,
746 1044 829 1107 hano
851 1044 1044 1109 locutionem
1059 1044 1092 1108 in
1114 1063 1170 1108 ore
1191 1043 1280 1126 vulgi

174 1160 339 1215 versatam
363 1159 396 1216 et
417 1150 458 1215 de
477 1152 517 1215 iis
541 1152 671 1241 dietam
694 1152 806 1225 luisse,
841 1154 894 1236 qui
917 1160 1078 1238 optarent,
1111 1161 1147 1217 ut
1168 1173 1239 1216 mox
1262 1172 1281 1217 a

174 1261 270 1341 malo,
294 1280 356 1342 quo
379 1261 643 1344 opprimerentur,
666 1261 887 1325 liberarentur.
926 1262 1008 1327 Nam
1029 1262 1090 1325 huo
1112 1261 1282 1326 referenda

175 1375 250 1432 sunt
271 1389 352 1451 quae
375 1370 409 1432 in
430 1368 535 1451 frgmt.
550 1368 613 1431 499
635 1390 675 1434 ex
697 1370 796 1435 sehol.
813 1371 894 1435 Plat.
918 1392 948 1455 p.
966 1369 1026 1432 371
1049 1371 1150 1456 petita
1176 1370 1281 1453 legun·

175 1486 243 1542 tur:
278 1477 382 1557 πυθοῦ,
417 1480 544 1561 χελιδὼν
577 1478 669 1561 πηνίκ’
703 1479 776 1541 ἄττα
809 1479 947 1563 φαίνεται.
991 1481 1075 1544 Mira
1105 1486 1178 1542 sunt
1200 1499 1302 1561 quae*

174 1588 311 1651 Photius
334 1609 363 1670 p.
386 1585 500 1667 493,12
533 1588 574 1651 ad
607 1586 904 1672 haenexplioanda
936 1589 1057 1669 attulit,
1090 1589 1230 1671 repetita
1263 1608 1282 1651 a

178 1696 294 1761 Suida:
319 1693 419 1758 Πύθου
439 1698 608 1781 χελιδόνος·
629 1696 766 1780 παροιμία
788 1694 845 1758 dud
867 1720 940 1765 τινος
955 1694 1116 1766 Χελιθὸνος
1138 1694 1282 1779 θεολόηου

177 1805 282 1887 ἀνδρὸς
320 1804 368 1867 καλ
404 1804 621 1889 τερατοσκόπου
657 1805 704 1867 καὶ
742 1805 807 1888 περὶ
838 1808 965 1868 τελετῶν
996 1803 1207 1887 διειλεγμένου,
1242 1806 1283 1874 ὥς

177 1911 316 1980 hliuma<
349 1913 364 1974 ὁ
400 1911 531 1997 Πατρεὺς
561 1912 591 1975 ἐν
624 1919 667 1998 τῷ
690 1912 843 1998 Περίπλῳ·
879 1915 905 1976 οἱ
932 1915 965 1978 δὲ
992 1914 1034 1976 ὅτι
1058 1915 1225 1998 θρηνητικὸν
1247 1913 1281 1975 τὸ

177 2027 270 2108 ζῷον.
292 2022 319 2083 οἱ
340 2021 374 2085 θὲ
397 2022 495 2084 ὅτιτὸ
518 2020 571 2106 ἔαρ
595 2023 733 2106 σημαίνει.
778 2025 859 2088 Tres
882 2024 981 2106 igitur
1002 2024 1167 2107 proverbii
1187 2025 1282 2088 inter·

176 2132 375 2218 pretationes
388 2131 520 2196 Photius
538 2133 680 2216 praebet,
696 2152 829 2216 quarum
844 2133 925 2197 duae
940 2134 1066 2216 priores
1085 2133 1283 2216 rejiciendae

177 2248 264 2305 sunt:
299 2241 401 2305 altera
433 2242 529 2322 onim,
566 2241 738 2306 seeundum
768 2262 861 2324 quem
894 2242 1052 2308 Chelidon
1083 2250 1174 2306 vates
1204 2231 1282 2324 erat,

177 2351 265 2414 inani
288 2349 421 2433 alicujus
444 2351 641 2433 grammatici
666 2359 842 2416 commento
865 2358 936 2415 orta
958 2359 1021 2433 est3
1044 2351 1085 2415 de
1107 2372 1170 2434 quo
1190 2351 1282 2437 plura

177 2459 293 2523 videas
316 2459 347 2521 in
368 2458 510 2524 Lobeok.
533 2460 691 2544 Aglaopb.
714 2460 739 2540 I,
762 2459 824 2521 304
846 2468 879 2525 et
901 2458 990 2541 1352,
1012 2461 1080 2525 ubl:
1105 2459 1282 2542 „Chelidon

178 2567 234 2632 ille
256 2575 348 2632 vetus
371 2554 535 2649 θεόλορος,
559 2616 566 2631 .
590 2619 597 2632 .
622 2620 628 2633 .
651 2589 784 2653 prorsus
805 2570 933 2652 ignotus
955 2578 1005 2635 est
1026 2578 1058 2635 et
1090 2589 1203 2633 nomen
1222 2566 1282 2633 for·

180 2682 266 2742 tasse
299 2697 319 2740 a
351 2675 434 2741 falsa
466 2679 630 2761 proverbii
662 2679 927 2761 interpretatione
959 2679 1091 2744 01111111.ιι
1123 2676 1163 2741 of.
1187 2677 1281 2758 Voss,

183 2787 275 2869 epist.
298 2786 394 2870 myth.
422 2784 510 2868 3,14;
545 2787 661 2867 altera,
693 2808 775 2871 quae
804 2795 854 2853 est
885 2785 931 2849 ‘dri
958 2784 1141 2870 θρηνητικόν,
1173 2785 1226 2851 vel
1250 2793 1283 2851 ut

184 2895 362 2978 Hesychius
390 2895 475 2959 etin
496 2896 580 2979 App.
603 2898 673 2978 prb.
696 2897 753 2978 IV,
781 2895 821 2958 63
843 2895 991 2979 ὀδυρτικὸν
1013 2899 1046 2958 τὸ
1069 2900 1158 2980 ζῷον,
1194 2894 1283 2960 intel·

186 3003 269 3068 leotu
303 3010 403 3073 earet.
463 3003 575 3069 Tertia
608 3004 745 3088 denique
771 3005 1001 3090 'interpretatio
1028 3014 1117 3069 reeta
1144 3012 1206 3069 est:
1241 3003 1284 3066 ὅτι

182 3112 215 3175 τὸ
237 3111 290 3197 ἔαρ
312 3114 443 3197 σημαίνει
464 3115 523 3193 (so.
539 3113 558 3196 ἡ
576 3114 726 3196 χελιδών).
759 3114 841 3180 Νυ1υ
868 3114 1047 3178 hirundinis
1069 3114 1208 3178 adventu
1228 3112 1283 3176 ini·

179 3224 259 3287 tium
281 3224 369 3288 veris
391 3222 579 3306 significari,
602 3222 698 3287 donet
720 3224 815 3289 etiam
839 3244 967 3288 carmen
1000 3224 1169 3307 populare,
1198 3222 1284 3303 quod

179 3332 340 3415 Bergkius
367 3334 401 3396 in
422 3339 507 3418 poet.
530 3333 588 3416 lyr.
612 3354 642 3416 p.
667 3331 873 3395 rtet-1322
896 3334 963 3397 suh.
986 3331 1025 3398 N.
1047 3330 1087 3394 41
1111 3331 1251 3396 notarit:

531 3481 610 3567 ἦλθ’,
632 3481 709 3567 ἦλθε
731 3485 868 3569 χελιδών,
893 3558 896 3562 γ

531 3591 624 3660 καλὰς
647 3591 870 3691 ‹ripae-dronae,

532 3699 641 3769 καλοὺς
663 3700 809 3769 ἐνιαυτούς
831 3708 890 3766 etc.
922 3714 928 3723 '

284 3877 385 3955 Quam
400 3878 428 3942 si
442 3877 738 3962 interpretationem
754 3897 930 3961 sequemur,
945 3877 1148 3958 inveniemur,
1171 3884 1284 3943 utram·
1360 3960 1362 3962 q

182 4008 245 4074 que
265 3989 459 4054 locutionem
476 3995 508 4053 et
529 3987 655 4073 χελιδὼν
671 3983 729 4070 ἇραί
753 4008 823 4049 ποτε
845 3988 1017 4072 propostam
1040 3994 1072 4051 et
1092 3985 1187 4048 πυθοῦ
1208 3988 1284 4070 χελι·

182 4095 268 4165 toro<
300 4098 433 4163 eandem
456 4117 526 4162 esse
549 4097 767 4179 metaphoram
789 4096 968 4179 vulgarem,
1001 4096 1042 4160 de
1075 4097 1121 4160 eis
1155 4094 1282 4177 dietam,

183 4208 293 4290 quiin
315 4209 411 4272 rebus
433 4206 535 4269 minus
557 4205 706 4270 secundis
731 4211 900 4271 versentur
921 4214 954 4271 et
974 4204 1191 4273 inmeliorem
1213 4224 1284 4269 oon·

183 4317 337 4383 ditionem
359 4315 529 4402 pervenire
551 4316 691 4399 eupiunt.
1030 4295 1033 4299 ’

283 4425 357 4490 Alia
377 4425 498 4491 locutio
520 4425 734 4510 proverbialis
757 4445 836 4490 vore
862 4423 989 4509 χελιδών
1011 4423 1146 4490 formata
1167 4422 1284 4505 legitur
