3100 4974
719 280 919 378 A..

266 487 383 552 nullam
420 486 575 551 rationem
611 484 741 565 habent,
783 483 845 548 nisi
883 483 985 549 simile
1021 483 1142 567 aliquid
1179 489 1273 565 atque
1313 482 1368 544 νεῖν

267 596 420 680 sequitur.

366 703 418 767 nd
453 708 677 786 paupertatem
709 702 911 785 inopiamque
943 720 1095 764 summam
1128 697 1369 781 signifioaudam

266 812 433 879 dicebatur
455 812 575 877 locutio
597 807 812 893 γυμνότερος
844 809 1044 894 λεβηρίδος,
1069 829 1161 893 quam
1183 808 1369 891 Aristopha·

266 942 337 987 uem
359 922 391 985 in
414 920 610 1003 Amphiarao
639 939 826 1004 usurpasse,
858 919 1029 984 Erotianus
1058 919 1090 982 in
1120 917 1223 983 lexico
1247 916 1369 1000 Hippo·

270 1031 394 1095 oratioe
411 1051 442 1114 p.
461 1027 522 1090 241
539 1030 588 1094 ed.
604 1030 716 1095 Franz.
741 1030 911 1094 memoriae
926 1028 1068 1108 tradidit,
1091 1048 1154 1110 quo
1171 1027 1243 1091 looo
1258 1027 1369 1092 eodem

265 1159 378 1204 vocem
402 1138 556 1223 λεβηρίδος
579 1139 626 1203 sie
650 1138 842 1222 explicatam
871 1137 1019 1220 legimus:
1048 1136 1215 1219 όρενώδους
1243 1136 1368 1218 ἀποσόρ·

270 1269 370 1332 ματος,
395 1246 467 1329 ὅπερ
492 1247 550 1311 ἐστὶ
572 1246 604 1308 τὸ
628 1251 684 1308 τῶν
708 1243 805 1329 ὄφεων
828 1243 984 1328 λεγόμενον
1006 1250 1105 1329 ηῇρας.
1149 1245 1330 1331 Hesychius
1344 1265 1370 1311 e.

265 1379 295 1423 ν.
317 1380 399 1440 ηυμν.
424 1357 486 1442 λεβ.
510 1356 629 1421 similes
645 1355 825 1419 locutiones
847 1354 980 1436 notavit,
1003 1375 1084 1438 quae
1107 1362 1179 1419 sunt
1193 1353 1371 1439 τυφλότερος

266 1467 330 1552 λεβ.
355 1474 388 1530 et
410 1464 560 1547 κενότερος
584 1464 744 1550 λεβηρίδος.
769 1463 808 1527 of.
832 1464 949 1527 Zenob.
971 1463 1013 1544 Il,
1033 1462 1083 1526 95.

370 1590 512 1671 Adeon,
545 1590 599 1672 qui
622 1590 655 1652 in
677 1590 744 1654 otio
777 1595 809 1653 et
830 1609 912 1672 paee
930 1590 1047 1671 vivunt,
1079 1590 1219 1673 pertinet
1248 1590 1368 1654 locutio
1395 1568 1400 1575 ⁵

265 1698 355 1782 μηδὲ
376 1698 517 1783 κάρφος
539 1702 665 1780 κινεῖν,
689 1699 721 1761 in
743 1697 816 1781 Lys.
839 1695 911 1761 474.
935 1697 975 1762 of.
992 1700 1105 1781 Apost.
1127 1698 1185 1779 XI,
1200 1697 1251 1761 47.
1274 1698 1368 1780 Diog.

264 1808 321 1889 VI,
344 1806 395 1872 67.
440 1808 530 1872 Haeo
552 1807 672 1872 locutio
696 1814 836 1889 cognata
858 1814 907 1871 est
929 1808 988 1888 eis,
1016 1826 1170 1890 quaeres
1193 1807 1285 1890 parvi
1308 1827 1367 1871 mo·

264 1918 361 1981 monti
383 1916 581 1999 significatum
609 1926 740 1999 magnus
762 1937 870 1982 earum
892 1936 1038 1981 numerus
1055 1925 1110 1997 est,
1132 1916 1233 1980 veluti
1253 1913 1368 1998 ψακὰς

180 2081 182 2085 ,
264 2024 438 2107 ἀργυρίου
461 2026 493 2088 in
516 2045 587 2109 pao.
613 2026 680 2089 121.
705 2024 745 2090 oi.
758 2025 861 2088 Plaut.
874 2025 990 2088 Pseud.
1009 2024 1368 2109 1‚4,4.Diog.v111,71.

265 2132 305 2197 G.
328 2132 363 2199 G.
387 2133 423 2197 L.
446 2133 504 2213 III,
527 2132 577 2198 41.
623 2132 713 2218 ἄχνη
743 2134 854 2225 ὕπνου
876 2135 909 2197 in
930 2154 1020 2218 vesp.
1044 2132 1092 2198 92.
1117 2133 1156 2200 ef.
1180 2136 1264 2219 App.
1279 2133 1369 2215 ,1,44.

264 2241 431 2324 πασσαλη
455 2241 567 2304 ὕπνου
590 2241 622 2305 in
644 2262 733 2327 vesp.
753 2242 803 2306 91.
828 2242 927 2325 στίλη
951 2243 1055 2305 ὕπνου
1078 2245 1111 2308 in
1125 2264 1216 2327 vesp.
1240 2241 1311 2309 213.
1327 2280 1367 2290 -

264 2350 345 2414 Tum
365 2371 430 2416 vox
453 2352 605 2420 πάσσαλος
628 2351 838 2434 significabat,
866 2373 946 2435 quae
967 2351 1088 2416 minimi
1111 2354 1368 2433 aestimabantur,

264 2459 376 2524 veluti:
399 2460 492 2543 μηδὲ
514 2460 697 2522 πάσσαλον
720 2457 833 2545 ἔχειν,
856 2463 888 2524 in
905 2462 1020 2526 eccles,
1035 2459 1105 2542 284,
1122 2461 1210 2544 μηδὲ
1232 2463 1367 2523 ποίσσα-

265 2570 324 2631 λον
351 2572 562 2631 καταλιπεῖν
584 2591 635 2654 ap.
658 2570 735 2633 Luo.
754 2570 823 2652 jud.
846 2590 916 2633 voe.
939 2570 968 2651 9,
992 2571 1175 2632 πασσάλου
1201 2569 1368 2651 ηυμνότε·

264 2699 323 2761 ρος
346 2698 397 2761 ap.
420 2678 580 2743 Aristaeo.
603 2676 682 2759 218.
728 2679 879 2761 Ejusdem
902 2680 1027 2760 generis
1046 2690 1096 2743 est
1122 2677 1220 2748 ἄξιος
1247 2679 1369 2762 τριηός

264 2787 297 2849 in
319 2806 387 2850 ran.
412 2784 485 2867 614,
514 2786 639 2870 dequo
662 2786 702 2851 ol.
727 2788 844 2851 Zenob.
868 2788 966 2868 Il‚4:
1000 2787 1045 2850 ἐπὶ
1079 2791 1133 2850 τῶν
1167 2787 1293 2851 εὐτελῶν
1321 2791 1369 2851 καὶ

266 2894 392 2977 μηδενὸς
415 2895 515 2965 ἀξίων·
539 2894 664 2977 παρόσον
685 2920 703 2979 η
728 2896 788 2980 θρὶξ
811 2897 930 2964 οὐδενὸς
952 2897 1025 2965 ἀξία.

366 3029 439 3092 Ηοο
474 3008 662 3093 referendae
699 3038 771 3094 sunt
797 3051 894 3095 voees
927 3032 1125 3115 τριώβολος
1158 3038 1190 3095 et
1222 3019 1365 3115 όβολος,

265 3156 349 3216 quae
382 3137 458 3201 item
493 3157 545 3201 res
570 3138 689 3201 minimi
717 3140 813 3221 pret-ii
841 3139 1077 3222 significabant,
1109 3139 1198 3205 velut
1230 3143 1262 3204 in
1293 3162 1363 3227 pao.

264 3243 403 3309 848-9:
441 3244 495 3307 οὐκ
517 3243 551 3307 ἄν
574 3243 616 3308 ἔτι
638 3247 717 3329 δοίην
744 3252 802 3309 τῶν
824 3248 902 3309 θεῶν
933 3249 1126 3333 τριώβολον
1159 3249 1185 3311 εί
1210 3251 1362 3334 πορνοβοσ·

265 3355 346 3415 κοῦσ’
370 3354 463 3437 ὥσπιρ
485 3355 568 3436 ἡμεῖς
591 3355 617 3416 οἱ
633 3355 731 3439 βροτοί
762 3363 794 3420 et
816 3356 938 3441 implut.
958 3355 1088 3439 123-6,
1111 3359 1165 3422 ubi
1180 3357 1365 3442 Chremylus

264 3461 360 3527 Pluto
383 3462 444 3527 deo
467 3463 548 3526 haee
571 3462 664 3527 dioit:

465 3593 517 3657 οίει
538 3593 593 3678 γὰρ
617 3593 686 3658 εἶναι
708 3598 760 3680 τἠν
782 3597 849 3665 Διὸς
864 3599 1015 3681 τυραννιόα

463 3703 511 3766 καὶ
533 3703 600 3771 τοὺς
623 3705 780 3787 κεραυνοὺς
802 3705 897 3775 α’ίίοος
918 3705 1133 3791 τριωβόλου,

463 3812 514 3875 ἐὰν
536 3812 705 3898 ἀναβλέψῃς
727 3814 761 3877 σὺ
784 3814 838 3878 κᾶν
859 3816 958 3900 μικρὸν
979 3815 1093 3903 χρόνον.

264 3953 296 4012 et
318 3942 450 4033 όβολος
468 3947 500 4010 in
523 3949 595 4011 nub.
621 3944 696 4010 118:
734 3953 793 4019 τῶν
813 3954 910 4035 χρεῶν
938 3952 990 4013 οὐκ
1018 3949 1054 4013 ἂν
1081 3951 1218 4036 ἀποδοίην
1245 3953 1307 4015 οὐδ’
1330 3950 1365 4016 ἄν

264 4051 393 4138 όβολον
430 4054 534 4120 οὐδενί.
592 4056 650 4120 Oui
682 4077 742 4121 non
776 4060 808 4123 in
842 4068 976 4124 mentem
1009 4062 1097 4125 vonit
1122 4063 1213 4126 vocis
1235 4070 1365 4127 nostrae

262 4162 483 4248 ,‚Pfifferling“‚
505 4164 556 4230 vel
577 4165 747 4247 „Heller“‘l

364 4288 441 4354 (lum
474 4297 583 4355 nostra
616 4290 765 4373 „Quark“
798 4295 978 4378 comparari
1008 4304 1116 4380 potest
1148 4317 1210 4361 vox
1237 4296 1365 4362 Graeca

263 4395 384 4482 βόλιτος,
410 4419 502 4482 quam
525 4401 556 4464 iu
579 4419 650 4485 equ.
674 4400 901 4488 (reelegimus,
924 4404 979 4469 ubi
1002 4405 1105 4470 schol:
1139 4406 1256 4492 βολίτοο
1284 4405 1363 4491 δίκη·
