3100 4974
656 242 854 339 „u-

205 446 286 510 haec
309 453 393 509 sunt:
415 443 476 507 ἀντὶ
497 448 549 507 τοῦ
572 443 654 512 ἐκτὸς
680 449 736 508 τῶν
759 445 927 529 ὡρισμένων
957 442 1063 525 λύγων.
1101 432 1131 504 ἐν
1160 447 1204 528 τῷ
1226 434 1304 507 τέλει

206 557 258 616 τού
280 553 371 615 τύπου
394 552 427 615 οὔ
450 553 577 617 ἐτελεῖτο
599 554 615 615 ύ
638 551 761 637 δρόμος,
786 554 879 616 ἐλαῖαι
901 555 1037 637 ατιχηδὸν
1058 551 1196 632 ἵστανται,
1220 548 1305 614 ούσαι

206 664 375 746 κατάντημα
398 665 447 723 τού
470 661 589 745 δρόμου,
617 662 665 724 καὶ
686 663 781 731 οὐδεὶς
803 662 935 725 ἐπέκεινα
957 661 1066 722 τούτων
1089 660 1204 745 ἐχώρει.
1228 660 1305 729 ὅστις

206 768 256 834 οὖν
289 770 364 855 πέρα
396 774 447 833 τοῦ
472 769 589 838 δέοντος
610 769 737 854 ἔπραττέ
760 796 794 852 τι,
827 769 931 853 ἔλεγον
953 773 993 837 ὡς
1015 770 1096 837 ἐντὸς
1118 774 1176 832 τῶν
1198 770 1303 833 ἐλαιῶν

206 880 333 966 φέρεται.
358 880 537 963 ἐπεκράτησε
560 879 592 942 δὲ
609 879 649 947 εἰς
664 882 825 963 παροιμίαν.
858 882 1001 945 Alteram
1016 880 1210 944 locutionem
1229 879 1303 943 loco

207 991 370 1073 proverbii
391 990 502 1070 fuisse,
536 990 730 1054 scholiastae
752 1011 814 1053 non
837 989 993 1072 referunt3
1027 995 1221 1073 quapropter
1242 988 1304 1052 hoc

205 1099 279 1163 loco
309 1099 438 1163 silentio
470 1106 716 1180 praetereamus.
774 1100 868 1183 Apud
906 1098 1209 1183 paroemiographos
1241 1117 1303 1161 non

207 1228 316 1273 omnes
338 1208 518 1273 locutiones
543 1207 763 1291 proverbiales
785 1214 911 1272 notatas
933 1207 1083 1288 inveniri,
1117 1208 1212 1271 etiam
1243 1206 1304 1270 hoo

207 1317 354 1400 exemplo
372 1317 531 1396 docemur,
554 1318 638 1400 quod
653 1318 858 1399 proverbium
875 1316 956 1383 ἐκτὸς
973 1321 1029 1377 τῶν
1045 1315 1140 1399 ἐλαῶν
1162 1313 1305 1400 φέρεσθαι

206 1427 387 1491 omiserunt.
441 1427 605 1490 Erasmum
634 1425 760 1507 quidem
784 1426 986 1508 proverbium
1009 1445 1071 1488 uon
1094 1424 1216 1507 effugit,
1250 1425 1304 1507 qui

206 1536 239 1597 in
261 1556 292 1616 p.
314 1533 389 1615 311,
423 1535 498 1617 quid
518 1534 691 1617 significet,
725 1534 772 1597 sic
795 1535 937 1617 explieat
964 1534 1037 1613 „ubi
1058 1533 1129 1616 quis
1152 1534 1305 1598 terminos

206 1645 426 1727 praescriptos
449 1644 694 1726 transgreditur,
728 1653 782 1709 aut
810 1644 914 1709 aliena
936 1662 1036 1726 usque
1058 1642 1098 1705 ad
1120 1663 1186 1707 rem
1210 1644 1306 1727 perti·

206 1753 314 1816 nentia
335 1751 442 1818 facit.“

307 1862 498 1946 Metaphora
520 1861 634 1944 digna,
674 1881 755 1942 qnae
777 1862 838 1926 hoc
860 1861 933 1926 loco
960 1866 1100 1941 notetur,
1134 1859 1251 1943 legitur
1273 1861 1305 1923 in

207 1990 274 2034 ran.
299 1968 476 2052 ltus-ua,
509 1971 564 2033 nbi
595 1977 762 2055 postquam
796 1971 942 2034 Bacchus
975 1971 1130 2050 narravit,
1162 1969 1304 2033 Athenas

205 2081 314 2143 urbem
338 2080 370 2142 in
393 2081 520 2143 summis
554 2080 690 2143 miseriis
716 2080 854 2159 versari,
888 2100 957 2143 oum
990 2100 1052 2144 non
1086 2078 1209 2162 optimi,
1248 2079 1305 2144 scd

204 2189 336 2272 pessimi
359 2189 447 2253 eires
471 2189 518 2252 rei
540 2188 691 2272 publicae
713 2195 910 2272 praeessent,
931 2189 1108 2269 Aeschylus
1125 2187 1304 2252 admonitus

204 2304 240 2360 ut
261 2297 400 2380 aliquam
421 2299 505 2360 viam
528 2309 560 2362 et
581 2298 737 2361 rationem
758 2298 926 2381 reperiret,
962 2318 1024 2380 qua
1045 2299 1141 2362 rebus
1165 2297 1304 2380 publicis

205 2406 337 2470 afflictis
359 2406 479 2471 mederi
501 2414 626 2490 posset,
660 2407 740 2471 haec
764 2394 860 2471 dixit:
882 2412 947 2474 πῶς
973 2402 1022 2467 σύν
1055 2430 1094 2474 τις
1129 2403 1164 2467 ἄν
1200 2405 1304 2467 σώσειε

205 2517 338 2598 τοιαύτην
371 2513 467 2596 πόλιν,
499 2506 521 2598 ᾗ
554 2520 641 2599 μήτε
669 2518 800 2600 χλαῖνα
835 2516 924 2598 μήτε
954 2516 1078 2595 σισύρα
1109 2513 1302 2598 συμφέρει;

206 2625 392 2709 Metaphora
415 2626 454 2687 ab
477 2644 515 2689 eo
539 2625 694 2689 translata
716 2634 773 2705 est,
790 2627 840 2689 eni
855 2644 957 2707 neque
972 2623 1063 2688 sedet
1078 2624 1186 2703 vestis,
1210 2643 1304 2707 qnam
1379 2663 1382 2668 -

207 2733 324 2797 Graeci
347 2735 453 2816 χλαῖνα
474 2742 603 2813 vocant¹
632 2753 734 2815 neque
756 2754 805 2814 ea,
840 2753 933 2817 quam
960 2732 1058 2812 σισύρα
1086 2741 1210 2797 vocant.
1231 2734 1251 2798 i.
1276 2752 1302 2797 ε.

210 2834 259 2904 e'ni
280 2843 407 2905 omnino
431 2843 516 2905 nulla
538 2842 638 2906 restis
660 2851 735 2926 apta
757 2848 816 2907 est.
860 2843 908 2905 De
924 2841 1129 2923 metaphorae
1146 2843 1305 2907 sententia

211 2950 395 3016 scholiastes
417 2952 510 3016 haec:
544 2950 559 3012 ὁ
582 2950 616 3012 δὲ
637 2952 712 3032 νοῦς,
736 2951 809 3032 μήτε
830 2950 957 3033 χρηστὸς
979 2951 1053 3032 μήτε
1077 2951 1206 3035 ὀχληρὸς
1227 2949 1304 3013 πολῖ-

208 3080 257 3142 της
278 3059 425 3144 συμφέρει.
480 3058 567 3136 Quae
600 3058 786 3140 metaphora
818 3068 921 3124 utrum
954 3081 1013 3144 per
1038 3060 1151 3142 vulgus
1174 3059 1304 3142 vulgata

204 3166 302 3232 fuerit
323 3188 435 3249 necne,
458 3169 529 3251 quis
551 3176 600 3232 est
623 3170 677 3250 qui
699 3168 866 3250 dijudicet,
894 3190 964 3233 oum
986 3189 1088 3252 neque
1111 3168 1304 3232 scholiastae

204 3298 307 3361 neque
330 3277 609 3363 paroemiographi
643 3277 683 3341 de
715 3297 754 3341 ea
786 3277 1015 3343 disseruerint?
1050 3281 1198 3343 Attamen
1229 3277 1303 3341 huic

203 3387 365 3452 locutioni·
380 3396 468 3452 tanta
490 3387 654 3470 proverbii
677 3387 802 3471 speeies
825 3388 930 3451 inesse
945 3387 1022 3450 mihi
1043 3387 1179 3467 videtur,
1202 3393 1236 3450 ut
1251 3386 1304 3450 vel

205 3499 275 3561 sine
297 3497 361 3561 nllo
384 3511 525 3560 veterum
547 3496 728 3561 testimonio
751 3517 819 3561 eam
842 3496 1076 3579 proverbialem
1102 3514 1218 3559 vocare
1240 3514 1304 3557 uon

205 3606 355 3670 dubitem.

306 3713 459 3779 Similiter
481 3713 521 3776 de
543 3713 705 3777 locutione
723 3713 933 3795 judicandum
956 3713 1032 3776 mihi
1055 3718 1117 3792 est,
1146 3731 1233 3795 ¹qnae
1255 3718 1305 3775 est

206 3823 339 3885 πλυνὸν
362 3826 473 3886 ποιεῖν
496 3823 584 3901 τινά,
608 3829 717 3890 notata
739 3822 771 3885 in
795 3823 872 3903 plut.
898 3820 986 3903 1061,
1010 3822 1064 3884 nbi
1086 3841 1164 3884 auus
1181 3820 1305 3884 lasciva

206 3933 453 4012 adulescentem,
487 3951 591 4013 aquo
615 3930 717 4014 primo
740 3930 867 4012 quidem
890 3933 1068 4010 amabatur,
1101 3936 1166 3993 tum
1199 3936 1304 3994 autem

205 4042 405 4121 irridebatur,
429 4041 477 4104 his
499 4040 606 4105 verbis
630 4039 815 4120 alloquitur:

354 4150 507 4211 ταλάντατ’
529 4148 652 4230 ἀνδρῶν,
676 4148 733 4231 ούχ
753 4147 884 4229 ὑγιαίνειν
906 4170 954 4231 μοι
976 4148 1082 4228 δοκεῖς,

355 4255 487 4321 πλυνόν
509 4281 546 4340 με
568 4261 681 4319 ποιῶν
704 4256 733 4318 ἐν
755 4257 892 4323 τοιούτοις
914 4256 1056 4338 ἀνδράσιν.

204 4364 318 4453 Neque
340 4368 531 4435 locutionem
565 4365 755 4449 ἀνθρακιᾶς
791 4387 891 4435 τινοςΙ
918 4365 1110 4427 ἀπολαύειν
1140 4360 1303 4448 proverbii

1139 4482 1155 4531 5
