3100 4974
729 265 767 326 61

645 352 845 362 ——-——--

296 469 345 533 llx
367 492 429 533 una
451 468 636 548 fabularum,
659 488 740 550 quae
763 467 803 531 de
825 467 1014 532 animalibus
1030 467 1178 549 vulgatae
1196 474 1294 550 erant,

196 587 268 643 orta
290 588 340 643 est
361 578 480 643 locutio
500 578 606 639 αἰετὸν
628 576 806 657 κάνθαρος
834 577 1033 658 μαιεύεται,
1061 596 1143 660 quae
1165 579 1197 639 in
1219 576 1294 658 Lys.

198 685 324 748 ost-5
346 688 378 750 in
401 686 532 751 l'ormam
554 687 712 749 obscenae
735 687 982 769 comparationis
1004 686 1137 749 redacta
1159 692 1217 766 est,
1240 686 1295 749 ubi

195 796 275 860 haee
299 795 461 878 leguntur:
484 797 525 862 ὡς
547 793 572 855 εἰ
593 794 641 855 καὶ
661 790 747 875 μόνον
770 795 798 876 ρ’
821 793 904 876 ἐρεῖς,
927 793 1082 877 ὑπερχολῶ
1104 792 1174 875 γὰρ,
1209 793 1295 856 ἀετὸν
1340 865 1343 870 ,

196 903 327 965 τίκτοντα
350 903 495 986 κάνθαρος
511 926 544 965 σε
568 902 747 985 μαιεύσομαι.
785 902 872 979 Quae
887 904 986 966 verba
1003 903 1117 966 chorus
1132 902 1296 966 mulierum

200 1013 241 1076 ad
265 1032 357 1078 senes
380 1031 553 1077 conversus
576 1012 726 1093 loquitur.
771 1010 966 1076 scholiastes
986 1012 1084 1075 multa
1104 1013 1150 1095 de⁴
1166 1013 1296 1076 inimici·

196 1122 249 1203 tia,
273 1141 355 1203 quae
378 1121 531 1184 cantharo
554 1142 624 1185 cum
646 1119 755 1202 aquila
777 1132 858 1194 erat,
890 1140 930 1184 ex
952 1119 1059 1184 fabula
1080 1130 1229 1206 prompta
1250 1141 1296 1185 re·

195 1229 266 1311 fert,
290 1250 371 1314 quae
393 1229 454 1293 huc
471 1229 633 1294 afferenda
653 1251 717 1294 non
732 1229 920 1310 existimavi,
944 1249 1014 1292 cum
1035 1250 1098 1293 non
1121 1230 1200 1292 satis
1220 1237 1296 1314 apta

197 1338 238 1402 ad
260 1338 482 1423 explicandam
497 1338 668 1402 locutionis
685 1338 840 1420 originem
853 1337 930 1400 mihi
953 1338 1143 1402 viderentur.
1179 1337 1296 1401 Melius

197 1446 355 1511 Zenobius
377 1445 401 1527 Ι,
425 1444 467 1506 20
488 1446 528 1510 de
550 1446 711 1510 locutione
735 1447 901 1511 disseruit:
929 1445 965 1506 τὰ
988 1444 1042 1528 γὰρ
1065 1443 1111 1507 nii
1134 1447 1185 1506 τοῦ
1208 1445 1296 1508 ἀετοῦ

191 1555 367 1643 ιοἰφανίζοοοι
390 1555 419 1615 αἱ
442 1555 582 1638 κάνθαροι
612 1554 770 1635 κυλίοντος,
803 1553 865 1617 ἐπεὶ
898 1553 1024 1615 ululatui
1046 1553 1113 1621 τοὺς
1135 1555 1297 1638 κανθάρους

198 1662 380 1744 ἀναλέκοοοι.
425 1663 473 1728 De
495 1663 727 1747 significatione
758 1664 928 1727 locutionis
962 1682 1043 1746 quae
1067 1683 1117 1745 ap.
1141 1663 1233 1745 Diog.
1257 1664 1296 1744 V,

196 1772 222 1854 I,
237 1771 277 1834 65
298 1772 454 1854 leguntur,
477 1780 629 1857 corrupta
643 1773 718 1835 mihi
732 1792 804 1837 esse
819 1772 980 1852 videntur;
1002 1779 1094 1836 recta
1115 1781 1195 1852 sunt,
1215 1791 1297 1854 quac

196 1883 229 1945 in
250 1882 293 1944 M.
310 1881 346 1945 P.
373 1879 419 1961 l,2
441 1888 552 1944 notata
574 1887 661 1944 sunt:
685 1879 731 1942 ἐπὶ
753 1883 810 1942 τῶν
830 1879 1054 1963 τιμωρουμένων
1076 1879 1143 1946 τοὺς
1166 1881 1297 1962 μείζονας

196 1989 391 2071 κατάρξαντος
427 1991 524 2053 κακοῦ.
578 1988 626 2052 De
660 1991 707 2053 eis
739 1990 837 2072 igitur
870 1987 1037 2053 dicebatur
1068 1989 1201 2070 locutio,
1242 1990 1296 2073 qui

90 2173 94 2178 .
196 2099 402 2181 potentiores,
438 2119 457 2161 a
491 2097 604 2181 quibus
637 2099 761 2180 priores
795 2105 988 2183 acceperunt
1023 2100 1169 2181 injurias,
1206 2099 1297 2163 ulcis·

198 2213 353 2272 serentur.

297 2339 368 2404 Etsi
385 2340 453 2423 jam
475 2339 658 2403 dissertatio
681 2340 720 2403 de
751 2339 966 2404 locutionibus
999 2361 1038 2405 ex
1072 2341 1189 2406 fabulis
1212 2342 1295 2407 fictis

197 2452 278 2516 ortis
300 2450 390 2513 finita
413 2450 463 2530 sit,
486 2460 591 2512 tamen
605 2451 666 2512 hoo
681 2447 754 2512 loco
770 2448 848 2513 duas
863 2450 1041 2514 locutiones
1057 2450 1176 2514 addere
1190 2452 1295 2532 liceat,

197 2558 453 2642 quarum-altera
475 2577 514 2621 ex
536 2557 666 2621 oraculo
689 2564 837 2637 ortassest,
861 2558 965 2622 altera
990 2559 1144 2640 originem
1167 2580 1207 2624 ex
1228 2581 1296 2645 car-

197 2669 279 2731 mine
314 2666 485 2748 convivali,
519 2665 604 2748 quod
626 2665 744 2730 Graeci
766 2664 881 2727 σκόλιον
903 2675 1026 2747 vocant,
1050 2667 1146 2731 duxit.
1192 2650 1297 2750 Atque

197 2776 254 2839 illa
273 2776 393 2840 locutio
414 2785 463 2838 est
488 2773 593 2840 ἀετὸς
615 2773 649 2834 ἐν
671 2773 857 2857 νεφέλαις,
888 2782 960 2840 orta
982 2796 1021 2840 ex
1043 2777 1187 2859 oraculo,
1212 2777 1297 2860 quod

201 2884 443 2949 Atheniensibus
471 2884 511 2946 ab
534 2881 683 2965 Apolline
716 2882 853 2947 edictum
876 2892 945 2948 erat
977 2885 1026 2949 his
1059 2867 1181 2967 verbis,
1216 2907 1297 2970 quae
1332 2921 1334 2925 ·

202 2993 296 3057 schol.
320 2992 370 3056 ad.
394 3013 465 3073 equ.
491 2989 571 3052 1013
593 2990 708 3055 refert:

347 3130 494 3217 Edduupov
516 3132 687 3215 πτολίεθρον
705 3128 865 3217 Ἀθηναίας
887 3134 1020 3218 ἀγελείης

346 3241 448 3304 Πολλὰ
469 3242 529 3304 ἰθὸν
552 3242 598 3304 καὶ
620 3238 717 3304 πολλὰ
740 3242 835 3303 παθὸν
856 3242 907 3304 παὶ
929 3245 1025 3304 πολλὰ
1048 3247 1186 3325 μογῆοαν,

349 3352 451 3417 Αἰετθς
475 3350 504 3413 ἐν
527 3350 667 3435 νεφέλῃσι
686 3352 820 3434 γενήσεαι
840 3348 938 3433 ἤματα
961 3352 1064 3416 πάντα.

197 3510 321 3583 Mentio
344 3509 380 3574 fit
401 3512 571 3575 locutionis
593 3512 626 3573 in
649 3512 745 3593 equit.
770 3507 859 3572 1013.
881 3530 930 3573 av.
953 3507 1023 3591 978,
1045 3511 1100 3573 ubi
1121 3531 1195 3574 usus
1218 3511 1297 3594 ejus·

196 3619 282 3682 modi
305 3629 366 3699 cst,
397 3630 433 3683 ut
453 3640 510 3684 nos
534 3620 673 3701 effugere
693 3641 757 3682 non
781 3619 892 3702 possit,
915 3630 1042 3702 poetam
1065 3620 1208 3683 consulto
1231 3640 1298 3684 ora·

198 3727 262 3791 culi
284 3728 474 3792 mentionem
490 3727 616 3792 fecisse.
654 3728 746 3790 Hanc
768 3727 961 3791 locutionem
983 3747 1055 3792 esse
1070 3728 1151 3791 alius
1171 3730 1297 3810 generis

197 3844 293 3923 atque
315 3856 379 3916 eas,
402 3837 442 3901 dc
465 3837 578 3920 quibus
602 3835 706 3900 adbuc
732 3835 943 3916 disseruerim,
966 3856 1057 3900 nemo
1079 3846 1136 3916 est,
1159 3838 1297 3919 quinon

196 3945 314 4010 videat.
352 3944 471 4010 Nostro
494 3946 526 4008 in
549 3965 692 4009 sermone
715 3946 782 4024 ejus
798 3944 924 4026 generis
947 3943 1161 4008 locutionibus
1184 3966 1298 4028 cogno·

197 4073 267 4118 meu
291 4053 500 4117 adtribuimus
527 4054 612 4138 quod
645 4063 694 4118 est
718 4052 923 4137 ,geflugeltes
944 4052 1065 4117 Wort.“
1111 4051 1297 4137 Quanquam

197 4163 400 4228 meritissimo
423 4162 515 4245 hujus
537 4163 672 4245 generis
691 4161 869 4227 locutiones
888 4181 954 4245 „pro
975 4162 1155 4245 proverbiis
1179 4163 1297 4229 habere

197 4292 260 4336 uon
281 4290 462 4356 possumus,
495 4278 634 4335 attamen
662 4271 783 4336 eisdem
816 4269 1003 4337 affinitatem
1036 4272 1194 4354 quandam
1228 4293 1299 4337 cum

197 4380 377 4464 proverbiis
399 4400 460 4444 non
484 4379 606 4460 deesse,
629 4372 861 4464 scilieet,quod
882 4378 1033 4462 vulgares
1058 4380 1129 4462 sint,
1152 4388 1297 4467 apparet.
