3100 4974
753 275 794 339 85

224 481 295 564 πρδς
316 477 383 547 τοὺς
405 477 451 545 ἐπὶ
472 479 579 562 μικροῖς
601 477 679 545 δίκας
701 475 875 560 ὑπέχοντας·
903 475 919 539 ὁ
941 473 997 558 ηάρ
1017 471 1152 542 Σόλωνος
1165 471 1251 558 νόμος
1273 471 1320 537 καὶ

225 587 292 657 τοῦς
313 586 427 673 βύλιτον
449 584 644 671 ὑφελομένους
665 586 789 658 κολάζει.
834 585 875 651 cf.
898 583 1029 669 App.·1‚
1051 580 1102 646 56.

324 696 445 775 Quodsi
465 695 506 761 ad
525 695 603 780 plut.
629 694 680 761 17:
704 693 927 779 ἀποκρινόμενος
950 692 982 754 ab
1005 691 1139 776 παράπαν
1161 688 1231 753 οὐδὲ
1253 691 1319 772 ηρῦ

225 806 416 871 scholiastes
445 805 536 870 vocis
562 808 615 888 γρῦ
641 813 704 869 tres
727 802 1006 890 interpretationes
1028 802 1175 884 praebet:
1206 795 1321 861 ἔστιδὲ

225 911 330 1000 ὄνυχος
361 913 461 998 ῥύπος·
498 912 569 980 τινὲς
591 913 625 976 δὲ
647 910 724 995 παρὰ
748 911 796 975 τὸν
817 910 973 997 χρυλισμὸν
1001 907 1130 975 τουτέστι
1149 909 1200 991 τὴν
1221 907 1320 995 φωνήν

224 1028 282 1085 τῶν
304 1022 425 1108 χοίρων,
458 1021 477 1104 ἢ
500 1018 576 1088 εἶδος
598 1024 698 1105 μικροῦ
724 1019 912 1103 νομίσματος·
949 1021 1001 1102 χρῦ
1023 1016 1079 1101 γὰρ
1100 1019 1133 1079 rb
1156 1016 1253 1102 μικρὸν
1275 1016 1323 1079 καὶ

225 1132 415 1219 βραχύτατον,
437 1132 548 1195 harum
570 1131 866 1217 interpretationum
890 1128 1030 1194 secunda
1053 1126 1186 1191 maxime
1208 1127 1322 1210 proba-

224 1241 299 1306 bilis
321 1260 392 1306 esse
413 1240 553 1321 videtur,
587 1260 658 1304 cum
679 1242 779 1304 verba
801 1238 898 1321 χρύζυ
920 1239 953 1301 in
974 1257 1044 1325 equ.
1066 1233 1137 1299 294.
1160 1235 1239 1321 plut.
1258 1235 1322 1299 454

226 1357 259 1416 et
279 1347 424 1432 χρυλλίζιυ
446 1349 478 1412 in
500 1349 578 1432 plut.
600 1346 671 1413 307.
699 1349 779 1413 Aah.
804 1345 873 1430 746,
908 1366 990 1432 quae
1024 1344 1107 1410 idem
1141 1345 1323 1429 significant

226 1467 322 1542 atque
343 1459 470 1539 mutire,
506 1458 649 1541 ejusdem
671 1458 783 1543 stirpis
805 1477 877 1522 esse
908 1456 1086 1521 videantur.
1138 1452 1233 1541 Apud
1265 1475 1323 1520 nos

226 1567 328 1632 simile
348 1575 398 1633 est
418 1567 607 1648 „muoksen“
627 1573 661 1632 et
682 1568 789 1648 „nicht
811 1567 903 1632 einen
925 1564 1038 1630 Muclus
1059 1564 1187 1646 sagenf·

326 1676 432 1740 Etiam
454 1675 570 1739 animal
592 1676 677 1758 quod
699 1684 749 1741 est
769 1674 898 1760 σέρφυς
920 1676 952 1739 in
974 1675 1071 1739 simili
1090 1692 1147 1736 usu
1171 1680 1248 1755 erat,
1271 1693 1321 1739 ve·
1357 1698 1358 1701 ¹

225 1785 273 1850 lut
293 1786 326 1849 iu
348 1803 436 1868 vesp.
459 1781 533 1847 353:
568 1784 660 1847 πάντα
693 1783 855 1868 πέφρακται
887 1783 959 1847 κούκ
991 1780 1065 1847 ἔστιν
1098 1783 1172 1866 ύπῆς
1204 1783 1265 1847 οὐδ’
1299 1782 1323 1845 σί

226 1892 327 1977 σέρφῳ
353 1892 490 1972 διαδῦναι,
506 1892 561 1955 nbi
576 1893 679 1958 schol:
702 1890 762 1956 ἔστι
774 1893 807 1956 δδ
819 1889 946 1976 δηρίδιύν
965 1916 990 1955 τι
1006 1892 1105 1977 μικρὸν
1117 1893 1175 1975 (sc.
1188 1890 1323 1975 σέρφυς)·

225 1997 342 2083 Κράτης
364 2000 397 2062 δὲ
418 2000 553 2084 μύρμηκα
569 2001 639 2086 φησὶ
660 2001 709 2064 τὸν
730 2001 855 2086 σέρφον·
878 2001 904 2063 οἱ
925 2001 958 2066 δὲ
981 2001 1106 2086 ζυύφιον
1128 2001 1324 2075 κιυνυνττιῦδες,

226 2108 277 2195 ἀφ’
301 2108 335 2173 οῦ
350 2110 369 2192 ἡ
384 2109 520 2193 παροιμία
541 2106 685 2193 ,ἔνεστι
705 2110 767 2175 κάν
790 2110 946 2194 μῦρμηκι
967 2110 1030 2173 κοΙν
1053 2108 1175 2195 σέρφῳ
1197 2109 1323 2195 χολή.“

195 2250 196 2253 “
225 2219 318 2286 Alius
352 2220 541 2284 scholiastes
577 2220 659 2284 hane
694 2221 856 2305 proverbii
893 2219 1026 2285 formam
1062 2219 1199 2285 notavit:
1237 2218 1322 2287 ούδὶ

226 2326 387 2413 μύρμηκι
409 2325 492 2396 sut<
513 2327 618 2395 ἐστιν.
662 2328 858 2415 Quocunque
880 2331 974 2396 modo
1000 2350 1052 2395 res
1075 2330 1233 2408 sehabet,
1254 2328 1323 2394 sive

192 2434 196 2439 ’
227 2438 357 2521 animal,
390 2437 475 2523 quod
509 2437 615 2523 σέρφος
647 2441 836 2521 vocabatur,
868 2438 981 2523 μύρμηξ
1002 2439 1074 2520 fnit,
1107 2439 1176 2503 sive
1198 2438 1322 2520 species

226 2545 437 2629 formicarum,
460 2557 495 2612 nt
518 2547 632 2614 Suidas
653 2548 764 2614 refert:
798 2546 920 2632 σέρφοςε
954 2551 1029 2628 ζῷον
1051 2547 1256 2631 μυρμηκῶδες,
1289 2545 1322 2610 id

226 2663 314 2721 certe
336 2664 472 2737 constat,
495 2657 687 2723 locutionem
708 2657 777 2721 οῦδὲ
799 2657 925 2740 μύρμηκι
946 2656 997 2721 vel
1020 2653 1120 2739 σέρφῳ
1153 2654 1222 2723 teor
1249 2654 1322 2719 ἐστιν

225 2784 287 2828 non
311 2766 412 2831 minus
433 2767 596 2850 proverbii
617 2767 721 2832 iocum
748 2765 924 2830 obtinuisse
953 2785 1045 2848 quarn
1068 2761 1161 2829 ἔνεστι
1182 2762 1233 2827 κάν
1256 2763 1323 2847 μύρ·

227 2896 296 2957 μηκι
317 2872 369 2936 κοῑν
391 2872 490 2958 σέρφῳ
512 2874 600 2959 χολή,
644 2874 692 2939 De
714 2873 770 2939 illo
791 2875 963 2959 proverbio
985 2873 1026 2938 cf.
1049 2873 1088 2937 G.
1105 2872 1141 2938 C.
1154 2874 1197 2939 M.
1219 2873 1277 2954 III,
1293 2871 1322 2937 8.

227 2982 348 3047 Zenob.
370 2982 427 3062 ΙΙΙ,
450 2981 498 3047 to.
544 2981 627 3063 Quid
648 2983 709 3047 hoc
732 2981 900 3065 significet,
933 2985 1014 3048 bene
1036 2983 1186 3047 Erasmus
1208 3004 1239 3067 p.
1261 2979 1321 3044 391

227 3091 375 3176 exposuit
395 3092 573 3173 „admonet
586 3092 743 3174 adagium,
765 3112 827 3156 non
851 3111 922 3156 esse
940 3091 1201 3157 contemnendum
1221 3111 1324 3175 quem·

227 3200 321 3283 piam,
343 3222 402 3266 neo
426 3202 521 3265 ullum
543 3207 662 3267 temere
676 3200 910 3283 lacessendum
934 3200 1187 3285 quandoquidem
1205 3199 1323 3267 nullum
1432 3234 1436 3239 ·

227 3310 428 3374 animalium
451 3310 602 3375 minutum
625 3318 680 3375 aut
700 3309 905 3391 imbecillum,
939 3309 1024 3394 quod
1050 3310 1165 3375 iratum
1189 3329 1251 3374 non
1275 3328 1324 3375 ex·

227 3418 401 3483 candescat
421 3419 499 3485 ira.“

327 3527 483 3592 Addenda
499 3536 547 3594 est
562 3528 682 3595 locutio
705 3527 760 3592 διὰ
784 3528 973 3591 δακτυλίου
996 3526 1110 3591 ἕλκειν
1132 3528 1218 3607 τινύ,
1242 3547 1325 3610 quae

229 3635 269 3701 de
290 3636 468 3702 hominibus
496 3637 643 3702 tenuibus
676 3638 855 3719 dicebatur;
892 3637 992 3702 veluti
1024 3657 1102 3701 anus
1134 3637 1257 3701 lasciva
1292 3637 1325 3701 in

227 3744 304 3829 plut.
330 3743 421 3820 1136,
444 3766 527 3828 quse
558 3746 719 3811 desiderio
750 3746 900 3812 amatoris
933 3745 1048 3830 perfidi
1080 3753 1260 3810 maceratur
1293 3751 1326 3811 et

226 3862 399 3938 propterea
413 3855 515 3920 macie
532 3856 601 3939 jam
617 3860 746 3920 tenuata
761 3862 817 3937 est,
841 3854 933 3921 dicit:
957 3853 1005 3917 διὰ
1024 3853 1177 3917 δακτυλίου
1200 3852 1252 3934 μὲν
1274 3849 1324 3916 οῦν

227 3962 280 4046 ἐμὲ
301 3964 327 4043 η’
350 3960 385 4024 ἂν
407 3963 576 4032 διελκύσαις.
621 3963 820 4029 Scholiastae
842 3965 924 4029 hanc
957 3964 1151 4028 locutionem
1182 3962 1326 4045 neglexe-

227 4083 313 4155 runt3
346 4072 506 4137 Zenobius
536 4079 641 4138 autern
675 4072 820 4157 disputat
851 4072 892 4138 de
913 4093 953 4137 ea
974 4072 1006 4136 in
1029 4072 1087 4153 ΙΙΙ,
1122 4069 1160 4132 18
1182 4072 1243 4136 sie:
1277 4071 1325 4133 διὰ

228 4179 382 4246 δακτυλίου
405 4183 450 4244 δεῖ
471 4204 504 4244 σε
526 4180 714 4265 ἑλκυσθῇναιε
739 4180 785 4243 ἐπὶ
806 4185 863 4243 τῶν
886 4179 933 4244 διὰ
956 4178 1038 4243 νόσον
1059 4179 1078 4263 ἢ
1101 4180 1194 4264 λύπην
1211 4182 1325 4244 λεπτῶν

228 4291 275 4353 καὶ
296 4290 402 4375 ἰσχνῶν
424 4289 596 4373 γενομένων.
641 4290 766 4358 Similia
786 4291 878 4373 legas
900 4312 951 4375 ap.
973 4290 1066 4373 Diog.
1090 4289 1131 4370 ΙΙ,
1143 4288 1173 4355 8.
1196 4289 1254 4371 Ν,
1275 4287 1325 4355 30.

328 4400 472 4483 Denique
495 4399 535 4466 de
556 4400 719 4467 locutione
741 4400 867 4484 vulgari
891 4400 1057 4479 disseram,
1091 4418 1173 4483 quae
1204 4399 1237 4464 in
1269 4419 1325 4467 eos
