3100 4974
783 305 824 367 70

707 392 906 403 ῃ*-

257 510 404 590 abonis,
437 529 499 571 non
522 506 655 575 amalis
678 508 801 572 civibus
823 508 938 572 malum
961 519 1153 589 accepturos
1174 506 1249 570 illos
1274 527 1360 590 esse3
1384 578 1392 603 γ

256 617 340 698 qnod
363 617 412 680 his
434 616 542 681 verbis
565 616 696 680 dicitnr:

406 722 459 786 κάν
482 747 507 786 τι
524 725 657 808 σφαλῆτ’,
681 725 709 795 ἐξ
732 724 830 794 ἀξίου
857 726 938 806 γοῦν
957 725 1019 784 τοῦ
1042 722 1151 792 ξύλου

406 830 440 916 ἥν
463 855 488 894 τι
509 833 556 894 καὶ
577 834 721 917 πάσχητε,
744 835 866 918 πάσχειν
889 835 947 901 τοῖς
969 835 1069 915 σοφοῖς
1091 833 1243 915 δοκήσετε,

255 943 309 1004 nbi
326 942 430 1005 schol:
453 940 532 1025 παρὰ
545 928 595 1025 cip
608 941 760 1024 παροιμίαν
784 941 873 1023 ,ἀπὸ
896 943 1008 1003 καλοῦ
1030 940 1140 1009 ξύλου
1164 940 1228 1004 κάν
1252 942 1362 1023 ἀποίγ·

255 1048 389 1118 ξασθαι.
444 1050 525 1113 θέλει
547 1047 596 1112 οὖν
625 1050 730 1132 λέγειν,
765 1048 876 1135 βέλτιόν
906 1050 964 1112 ἐστι
992 1051 1120 1132 χρῆσθαι
1142 1055 1200 1118 τοῖς
1223 1052 1363 1132 γενναίοις

257 1161 428 1241 στρατηγοῖς
450 1157 468 1240 ἦ
492 1164 550 1226 τοῖς
572 1159 708 1243 φαύλοις·
741 1157 795 1222 κάν
823 1159 878 1241 γάρ
906 1156 961 1242 δέη
995 1158 1111 1240 παθεῖν,
1147 1164 1277 1241 κρεῖττον
1312 1159 1362 1220 ἀπ’

255 1265 368 1347 ἀγαθού
390 1266 408 1349 ἢ
432 1269 547 1350 φαύλου
563 1268 693 1350 πάσχειν.
728 1267 765 1331 of.
784 1270 898 1351 Apost.
911 1268 967 1348 ΠΙ,
990 1266 1038 1328 34,
1073 1271 1157 1350 App.
1169 1269 1241 1351 prb.
1253 1269 1295 1349 ΙΙ,
1309 1268 1361 1333 67.

257 1374 348 1452 Quod
369 1375 410 1439 ad
432 1376 603 1439 locutionis
627 1376 758 1440 formam
783 1378 904 1457 attinet,
927 1377 1064 1441 traditae
1085 1385 1158 1439 suut
1177 1368 1370 1443 locutiones

256 1481 285 1551 ἐξ
308 1482 406 1552 ἀξίου
428 1483 515 1553 ξύλου
531 1483 715 1563 ἀπάγξασθαι
730 1495 762 1549 et
774 1484 831 1546 ἀπὸ
855 1488 966 1546 καλοῦ
989 1484 1010 1553 ξ.
1034 1482 1093 1565 ἀπ,
1116 1504 1252 1565 quarum
1268 1487 1362 1568 prior

256 1593 549 1676 ap.A1istopb.ot
581 1595 613 1657 in
638 1598 721 1679 App.
744 1597 815 1678 prb.
842 1595 863 1658 l.
893 1615 920 1658 c.
944 1600 977 1659 et
1008 1614 1057 1677 ap.
1090 1592 1223 1655 Aristid.
1260 1600 1358 1658 oratt.

227 1734 230 1739 ·
256 1722 286 1784 p.
309 1699 373 1762 510
394 1699 492 1784 (286),
515 1701 564 1783 22,
588 1704 657 1768 ubi:
691 1702 755 1764 ἀλλ’
780 1700 828 1765 οὖν
853 1699 885 1764 τύ
906 1725 940 1784 γε
972 1706 1022 1784 τῆς
1045 1700 1193 1782 παροιμίας
1221 1699 1250 1768 ἐξ
1275 1700 1358 1769 ἀξίου

256 1810 306 1870 τού
338 1807 424 1878 ξύλου
459 1809 504 1871 καὶ
535 1812 656 1895 πάσχειν
680 1811 819 1895 ὑπῆρχεν,
855 1810 884 1874 εί
907 1835 949 1894 τιμ
972 1809 1132 1893 συμβαίνοι,
1167 1810 1269 1873 altera
1303 1830 1355 1893 ap.

255 1918 354 1982 schol.
378 1919 475 1982 Arist.
499 1931 531 1984 et
558 1921 671 2003 Apost.
694 1921 715 1984 i.
740 1942 767 1984 o.
790 1921 916 2003 legitur.
973 1919 1136 1996 Quomodo
1163 1917 1281 1981 factum
1305 1919 1357 1999 sit,

255 2034 290 2091 ut
312 2048 351 2091 ex
375 2029 482 2092 verbis
505 2026 582 2096 ἄξιος
603 2030 655 2093 vel
678 2027 768 2097 καλός
791 2038 824 2095 et
844 2031 902 2092 nico
925 2028 1010 2096 ξύλου
1033 2026 1215 2107 ἀπάγξασθαι
1236 2027 1358 2091 locutio

254 2137 468 2219 proverbialis
491 2144 644 2218 oreretur,
666 2140 835 2221 exquirere
857 2158 918 2201 non
940 2137 1039 2222 potui.
1073 2138 1222 2219 Apparet
1244 2143 1359 2217 autem,
1385 2216 1389 2223 ι

253 2245 447 2310 locutionem
480 2247 650 2329 aliqnando
684 2249 827 2331 qualibet
857 2249 890 2311 in
919 2266 954 2310 re
981 2247 1093 2329 ignota
1114 2244 1230 2309 dietam
1255 2245 1356 2311 inisse

255 2361 351 2438 atque
373 2355 448 2421 inde
469 2357 503 2418 in
524 2357 689 2438 proverbii
710 2357 814 2421 locum
837 2357 967 2419 abiisse.

310 2539 367 2603 VI.
413 2537 457 2605 iic
491 2538 676 2623 proverbiis
700 2538 985 2624 locutionibusque
1008 2555 1028 2605 a
1049 2535 1301 2622 quotidianis

394 2647 587 2716 bominum
611 2647 949 2731 occupationibus
972 2647 1215 2730 artibusque

626 2757 817 2842 quibusdam
842 2756 969 2841 petitis.

353 2897 541 2981 Priusquam
565 2899 605 2963 do
626 2899 854 2979 locutionibus,
894 2921 975 2983 quae
1002 2921 1021 2962 a
1043 2897 1237 2982 quotidianis
1260 2898 1357 2961 homi-

253 3027 326 3069 num
347 3009 614 3090 occupationibus
638 3009 759 3091 petitae
782 3016 861 3085 sunt,
883 3010 1044 3089 disseram,
1068 3008 1149 3071 duae
1172 3027 1357 3071 commemo·

254 3115 375 3180 rendae
398 3124 484 3198 suut,
518 3118 632 3200 quibus
663 3119 821 3181 sententia
843 3119 1015 3180 communis
1038 3117 1077 3181 de
1100 3116 1237 3181 artificio
1257 3118 1355 3198 inest3

254 3244 385 3306 quarum
410 3227 541 3290 alteram
566 3224 647 3307 ἔρδοι
669 3248 709 3294 τις
729 3227 764 3309 ἣν
787 3225 908 3293 ἕκαστος
930 3224 1018 3308 εἰδείη
1046 3226 1151 3308 τεχνην
1169 3226 1236 3307 jam
1260 3245 1356 3310 supra

253 3335 378 3414 notavi3
402 3335 504 3398 altera
527 3342 590 3398 est:

459 3443 491 3503 τί
511 3444 600 3524 δῆτα
621 3447 742 3528 χεῖρες
764 3442 827 3503 οὐκ
848 3440 887 3503 ἀν
909 3441 1149 3525 ἐργασαίατο;

256 3567 349 3628 qnam
372 3550 604 3633 Aristophanes
626 3553 658 3616 iu
680 3573 729 3616 av.
754 3550 832 3611 1147
859 3550 995 3632 adhibet,
1018 3552 1071 3615 ubi
1091 3552 1356 3617 antecedentibus

254 3656 409 3736 versibus,
433 3660 486 3740 qui
510 3666 598 3725 sunt:
621 3663 647 3722 oi
670 3665 759 3744 χῆνες
781 3659 991 3727 ὑποτύπτοντες
1012 3661 1111 3743 ὥσπερ
1134 3665 1194 3727 ταῖς
1217 3658 1302 3742 ἄμαις
1325 3659 1356 3727 ἐς

255 3759 306 3827 τὰς
327 3764 448 3832 λεκανάς
470 3766 625 3853 ἐνέβαλλον
649 3770 745 3832 αὐτοῖν
765 3772 822 3830 τοῖν
846 3770 944 3829 ποδοῖν
966 3777 1100 3853 propter
1121 3790 1232 3834 vocem
1253 3770 1355 3830 ποδοῖν

257 3887 392 3951 sequens
415 3894 526 3938 versus
549 3879 597 3939 sic
620 3879 758 3962 scriptus
782 3878 913 3960 legitur:

482 3982 510 4043 τί
529 3984 603 4065 δῆτα
627 3983 715 4052 πύδες
737 3984 772 4047 ἀν
794 3985 848 4048 οὐκ
870 3983 904 4047 ἀν
927 3984 1112 4068 ἐργασαίατο,

257 4087 378 4146 mutata
400 4106 480 4153 voce
501 4093 595 4172 χεῖρες
618 4092 650 4155 in
671 4092 770 4162 πόδες.
815 4095 903 4172 Quae
929 4094 1100 4157 locutionis
1123 4095 1281 4159 sententia
1303 4096 1354 4177 sic,

257 4185 379 4252 Erasm.
400 4213 431 4274 p.
455 4193 514 4257 621
537 4205 624 4264 recte
648 4202 695 4264 sic
719 4204 874 4288 explicat:
911 4203 989 4265 nihii
1017 4222 1088 4267 esse
1117 4223 1235 4284 rerum,
1268 4204 1355 4284 quod

258 4298 334 4372 arte,
357 4300 441 4376 quod
463 4302 618 4370 industria
639 4330 702 4373 non
723 4311 890 4375 efficiatur.

358 4403 430 4466 dam
452 4411 602 4476 accedam
626 4418 666 4480 ad
690 4418 880 4500 locutiones,
916 4439 996 4503 quae
1019 4421 1058 4484 ab
1081 4419 1239 4484 bominum
1261 4439 1355 4487 occu·
