3100 4974
753 294 787 356 ll

318 496 371 560 Ad
408 515 558 561 summam
603 497 731 562 deornm
767 497 942 579 potentiam
977 496 1118 580 pertinet
1153 497 1318 578 sententia,

220 612 389 688 quaeest:

318 713 404 776 θεοῦ
429 712 607 781 θέλοντος
638 711 701 776 κᾶν
723 712 781 776 ἐπὶ
807 713 905 798 ῥιπὸς
933 712 1071 796 πλέοις,
1106 735 1200 798 quom
1222 721 1318 798 poeta

217 829 329 887 noster
351 822 547 906 significavit
568 823 601 886 in
622 844 694 907 pac.
718 820 863 884 sel-99

317 970 382 1037 TP.
405 973 438 1037 έκ
459 976 511 1035 τοῦ
533 972 720 1057 Σοφοκλέους
738 974 862 1055 γίγνεται
885 971 1047 1057 Σιμωνίδης

319 1078 385 1147 ΕΡ.
408 1079 584 1166 Σιμωνίδης;
607 1086 683 1162 πῶς;
707 1078 772 1145 TP.
797 1081 840 1144 ὅτι
861 1080 955 1164 γέρων
977 1083 1018 1144 ὢν
1041 1081 1088 1144 καὶ
1110 1081 1220 1165 σαπρὸς

312 1254 317 1261 ,
409 1190 531 1275 κέρδους
552 1189 630 1253 ἕκατι
651 1189 706 1253 κᾶν
728 1191 774 1253 ἐπὶ
796 1190 876 1274 ριπδς
898 1190 990 1254 πλέοι.

318 1368 416 1431 Jussu
454 1366 533 1431 deae
569 1367 665 1430 Pacis
700 1368 879 1452 interrogat
913 1368 1093 1433 Mercurius
1129 1368 1319 1451 Trygneum,

219 1476 378 1557 quomodo
402 1475 578 1560 Sophocles
602 1497 636 1541 se
658 1477 783 1558 habeat,
817 1485 850 1542 et
876 1477 1055 1541 Mercurius
1078 1497 1116 1540 ea
1137 1475 1319 1561 respondet,

219 1605 302 1666 quae
323 1585 371 1648 illi
393 1605 505 1650 versun
528 1586 698 1650 continent.
744 1586 938 1650 Simonidem
954 1586 1080 1668 quidem
1102 1586 1320 1648 avidissimum

219 1695 375 1778 pecuniae
397 1694 510 1775 fuisse,
533 1702 641 1758 notum
665 1703 727 1776 cst3
763 1696 818 1760 sed
842 1695 1033 1779 Sophoclem
1056 1714 1182 1777 quoque
1209 1693 1320 1758 eadem

139 1854 142 1857 .
220 1803 397 1886 cupiditate
419 1804 518 1869 luisse
541 1804 696 1885 affectum,
720 1805 784 1868 elio
806 1805 990 1868 testimonio
1013 1824 1076 1867 non
1098 1802 1283 1866 affirmatum

320 1914 563 1996 Aristophanem
586 1913 636 1976 his
657 1914 766 1977 verbis
787 1914 866 1977 illud
880 1913 1093 1998 proverbium,
1117 1912 1202 1994 qnod
1221 1932 1319 1995 supra

221 2023 388 2104 nominari,
411 2024 565 2106 tetigisse,
600 2023 680 2085 dicit
701 2022 890 2087 scholiastes
913 2022 953 2085 ad
977 2023 1006 2086 h.
1028 2042 1055 2086 c.
1081 2019 1168 2097 Quae
1190 2041 1319 2106 prover-

220 2132 266 2195 bii
287 2133 337 2195 vis
362 2132 416 2214 sit,
449 2132 638 2214 intelligitur
671 2151 711 2195 ex
738 2131 835 2195 schol.
871 2132 1003 2195 Lucian.
1057 2131 1201 2194 Hermot.
1225 2132 1244 2210 ξ
1267 2128 1318 2195 28.

221 2239 331 2324 εἴρηται
354 2240 448 2324 (εικῆ
470 2240 619 2324 παροιμία)
643 2239 766 2304 ἐπὶτῶν
788 2243 862 2303 πάνυ
890 2239 1008 2325 ἀπύρων
1031 2240 1077 2302 καὶ
1098 2240 1160 2324 θεῷ
1185 2237 1265 2323 μόνῳ
1281 2239 1321 2307 εἰς

220 2352 299 2429 λύσιν
322 2348 564 2435 ἐπιτρεπομένων.
594 2349 672 2428 Quis
684 2359 796 2415 auctor
813 2352 977 2434 proverbii
999 2349 1103 2430 fuerit,
1124 2356 1229 2413 utrum
1251 2349 1321 2412 Pin·

222 2460 326 2540 darus,
349 2480 389 2523 an
404 2458 590 2544 Sophocles,
612 2461 737 2523 κατίσαι
748 2466 893 2524 veterum
908 2460 1093 2539 sententiae,
1116 2479 1194 2541 quas
1208 2457 1320 2521 uideas

221 2570 255 2632 in
290 2569 396 2633 adnot.
430 2568 474 2632 ed
506 2569 589 2632 Mac.
623 2569 684 2651 IV,
716 2568 766 2633 69.
827 2568 954 2635 Similes
987 2568 1160 2633 sententias
1194 2566 1233 2631 cf.
1267 2587 1319 2649 up.

222 2676 364 2761 Theogn.
389 2675 520 2758 171-2,
543 2678 635 2741 Pind.
658 2679 751 2760 Pyth.
774 2679 814 2759 X,
839 2676 887 2742 10.

323 2787 387 2853 Sed
409 2787 548 2851 dubitari
570 2794 688 2871 potest,
723 2808 796 2849 num
817 2795 913 2871 poeta
935 2792 1043 2850 noster
1061 2786 1133 2849 istis
1156 2785 1263 2848 verbis
1285 2783 1320 2846 id

224 2898 427 2980 proverbium
447 2896 599 2977 tetigerit,
616 2896 701 2978 quod
717 2896 906 2959 scholiastes
922 2901 1060 2977 annotat,
1083 2895 1158 2977 quia
1173 2895 1206 2956 in
1220 2891 1320 2957 schol.

226 3005 266 3068 ad
285 3007 394 3091 Eurip.
418 3005 535 3069 Phoen.
559 3002 628 3072 395.
652 3006 731 3070 haec
754 3007 854 3070 verbe
876 3006 1038 3086 leguntur:
1062 3007 1201 3087 μαρτυρεῖ
1219 3003 1252 3064 δὲ
1275 3001 1321 3064 καὶ

225 3116 242 3199 ἡ
265 3116 402 3199 παροιμία
426 3113 551 3195 λέγουσα
572 3112 812 3195 „cepione-ducti
834 3110 888 3174 κᾶν
904 3111 949 3174 ἐπὶ
971 3113 1052 3197 ριπδς
1066 3113 1183 3180 πλέοιςκ
1205 3111 1251 3172 ἐπὶ
1264 3114 1321 3172 τῶν

222 3224 262 3292 εἰς
294 3224 441 3291 κινδύνους
473 3223 594 3306 κέρδους
622 3224 706 3307 χάριν
739 3221 861 3290 ἑαυτοὺς
894 3219 1067 3305 ῥιπτούντων
1105 3218 1319 3307 λαμβανομένη.

221 3335 373 3399 Fortasse
406 3334 505 3415 igitur
537 3341 665 3417 praeter
697 3333 778 3396 illud
804 3331 1008 3416 proverbium
1035 3338 1067 3395 et
1093 3333 1154 3396 hoo
1183 3330 1321 3411 exstitit;

220 3445 287 3507 nisi
306 3442 389 3507 forte
411 3443 640 3522 existimamus,
674 3442 879 3507 scholiastem
905 3441 1070 3524 Euripidis
1092 3441 1180 3503 illum
1202 3439 1322 3504 Aristo·

220 3553 336 3637 phanis
357 3571 484 3616 versum
504 3571 564 3636 pro
585 3552 757 3634 proverbio
779 3552 937 3616 habuisse.

322 3660 424 3739 Quam
445 3680 571 3724 sacrum
593 3660 728 3725 Graecis
751 3660 918 3724 consilium
939 3661 1042 3723 visum
1064 3659 1113 3739 sit,
1137 3678 1176 3723 ex
1192 3677 1229 3722 eo
1252 3679 1322 3741 prc-

221 3770 333 3835 verbio
355 3769 553 3852 intelligitur,
577 3769 661 3851 quod
683 3771 715 3833 in
737 3770 843 3852 frgmt.
868 3768 929 3830 104
950 3768 1074 3851 legitur,
1097 3767 1151 3830 ubi
1171 3786 1211 3831 ex
1234 3766 1323 3831 scho-

222 3879 318 3943 liasta
339 3878 482 3942 Platonis
505 3878 546 3942 ad
568 3874 686 3962 Tleag.
708 3902 739 3963 p.
761 3876 832 3942 383.
857 3879 905 3943 ed.
922 3877 1049 3942 Bekker
1062 3877 1143 3941 haec
1160 3876 1323 3958 exscripta

224 3995 310 4052 sunt:
343 3988 481 4070 παροιμία
508 3988 627 4071 „isphr
654 3987 862 4071 eopdool›j“
890 3987 936 4048 ἐπὶ
962 3989 1019 4048 τῶν
1041 3985 1179 4067 καθαρῶς
1201 3984 1324 4068 συμβου-

225 4095 380 4161 λευόντων.
416 4133 456 4142 —-
493 4096 579 4160 ditior
601 4095 634 4158 δέ
656 4118 726 4180 φασι
748 4093 864 4158 ἔπαινον
892 4095 988 4180 φέρειν
1011 4099 1061 4176 τῆς
1083 4094 1249 4179 συμβουλῆς
1271 4094 1323 4176 τὴν

224 4205 391 4290 παροιμίαν·
413 4203 481 4267 εἶναι
505 4205 560 4289 γὰρ
583 4205 672 4289 αὐτὴν
700 4205 779 4266 θείαν
812 4204 858 4268 καὶ
880 4204 952 4286 ὑπὲρ
980 4202 1149 4286 ἄνθρωπον
1182 4200 1324 4285 μέμνηται

225 4315 342 4398 δἀύτῐης
364 4315 411 4376 καὶ
433 4313 477 4377 Ἀ.
506 4312 536 4376 ἐν
559 4314 741 4398 Ἀμφιαράῳ.
787 4312 925 4390 Quarum
946 4313 1242 4397 interpretationum
1262 4311 1324 4395 pri-

225 4444 307 4488 mam
327 4425 467 4509 probant
486 4423 621 4507 Diogen.
634 4424 674 4489 V.
686 4422 727 4504 ΙΙ,
740 4421 780 4483 92
804 4429 837 4488 et
857 4423 1009 4486 Albertus
1031 4422 1072 4486 ad
1087 4421 1225 4504 Hesych.
1243 4440 1267 4485 s
1283 4442 1323 4499 v.‚
