3100 4974
722 236 763 301 49

192 440 300 504 baisse
322 438 484 521 dicebant,
506 439 610 506 locum
632 442 797 526 proverbii
821 441 1018 522 obtinebant,
1040 448 1076 504 ut
1096 440 1288 525 intelligitur

192 569 233 613 ex
255 549 333 633 plut.
359 546 497 629 aso-7,
533 551 588 613 ubi
621 550 718 613 choro
755 552 981 633 interroganti:
1019 547 1109 618 ὄντως
1142 549 1197 632 γὰρ
1231 548 1292 613 ἔστι

191 658 337 725 πλουσίοις
359 658 426 741 ἡμῖν
449 656 553 721 ἅπασιν
576 657 660 740 sirau
683 658 802 724 Carion
825 679 936 724 servus
954 659 1069 742 jocose
1092 658 1139 722 sic
1161 678 1289 743 respon·

192 767 259 832 det:
281 767 316 849 νὴ
329 765 396 833 τοὺς
409 765 505 849 θεοὺς,
526 764 629 834 Μίδαις
645 766 696 850 μὲν
715 763 774 848 οὖν,
791 767 826 851 ἣν
845 768 895 829 ὦτ’
915 765 982 829 ὄνου
996 767 1115 853 λάβητε.
1150 766 1291 833 Scholia·

193 883 259 940 stes
291 876 437 960 pluribus
469 876 578 939 verbis
605 876 756 940 disseruit
783 876 823 940 de
845 877 953 942 Midae
988 876 1110 940 divitiis
1144 884 1177 942 et
1208 877 1290 941 asini

191 985 330 1066 auribus,
353 1004 434 1067 quae
456 984 517 1047 huc
539 984 654 1048 afferre
675 985 786 1048 inutile
812 991 869 1049 est.
913 986 986 1049 Jarn
1017 986 1048 1049 in
1071 985 1202 1068 Tyrtaei
1225 1005 1290 1049 car-

189 1093 327 1157 minibus
349 1092 454 1157 Midas
477 1101 738 1158 commemoratus
759 1093 885 1176 legitur,
909 1093 947 1158 cf.
972 1094 1095 1176 Bergk,
1118 1101 1204 1180 poet.
1230 1094 1288 1178 lyr.

190 1203 280 1284 Tyrt.
307 1199 388 1283 l2‚6:

392 1310 454 1373 οὐδ’
476 1308 501 1371 εἰ
521 1345 563 1356 -

389 1420 528 1501 πλουτοίη
551 1418 583 1481 δὲ
607 1416 705 1481 Μίδεω
728 1418 775 1482 καὶ
796 1416 928 1502 Κινύρεω
950 1421 1063 1501 μάλιον.

188 1531 252 1612 Ap.
275 1527 313 1593 C.
336 1527 371 1592 C.
392 1528 428 1591 L.
448 1527 506 1608 ΙΙΙ,
541 1527 580 1589 15
612 1548 725 1592 nomeu
758 1528 870 1593 Croesi
899 1528 1041 1591 additum
1069 1528 1201 1610 legitur:
1236 1531 1286 1590 τδν

189 1635 285 1698 Μίδου
309 1638 433 1699 πλοῦτον
456 1636 505 1698 καὶ
525 1631 666 1720 Κροίσου·
700 1635 747 1698 ἐπὶ
773 1641 831 1698 τῶν
858 1636 1052 1721 ὑπερβολικῶς
1077 1637 1288 1720 πλουτούντων,

187 1758 225 1810 ut
246 1747 425 1811 etiamnunc
448 1746 488 1810 de
509 1746 687 1811 hominibus
716 1746 882 1809 ditissimis
910 1744 1019 1808 dicere
1049 1744 1186 1809 solemus
1218 1748 1287 1828 „ein

189 1856 360 1920 Cr·oesus.“
402 1855 450 1919 De
472 1855 600 1919 auribus
627 1855 735 1918 Midae
765 1856 851 1937 regis
884 1855 937 1937 qui
968 1853 1060 1938 plura
1094 1873 1290 1937 cognoscere

189 1964 280 2046 velit,
301 1965 390 2048 legat
411 1963 504 2045 Diog.
528 1964 569 2028 V.
592 1963 649 2044 ΙΙΙ,
671 1961 712 2025 29
735 1969 767 2027 et
788 1966 902 2047 Apost.
923 1962 982 2044 XI,
1004 1961 1054 2027 65.
1123 1988 1138 2031 ῃ
1357 1950 1361 1963 ’

295 2073 433 2154 Propter
455 2078 628 2155 egestatem
646 2073 679 2137 in
702 2093 757 2138 ore
778 2073 866 2155 vulgi
886 2074 1074 2138 versabatur
1095 2071 1231 2154 Connus,
1253 2073 1289 2137 ti·

185 2181 280 2246 bicen
303 2182 508 2263 clarissimus,
531 2184 585 2265 qui
608 2183 736 2266 saepius
755 2182 924 2266 Olympiae
934 2182 1105 2245 victoriam
1127 2182 1166 2246 de
1189 2202 1289 2247 aemu-

184 2291 228 2355 lis
251 2299 480 2375 reportaverat,
503 2300 593 2357 tanta
616 2302 720 2356 autem
742 2294 851 2377 iuopia
866 2312 970 2356 rerum
987 2290 1027 2354 ad
1041 2292 1162 2355 victum
1182 2311 1289 2356 neees-

186 2400 343 2464 sariarum
366 2408 399 2465 et
419 2408 509 2465 tanta
529 2401 705 2466 vinolentia
727 2408 805 2484 erat,
826 2408 861 2466 ut
883 2401 923 2465 de
938 2419 976 2466 eo
993 2399 1182 2479 dicerentur,
1205 2419 1288 2482 quae

186 2509 221 2573 in
244 2528 314 2592 equ.
337 2507 571 2592 terragium:

861 2617 939 2682 ἀλλὰ
961 2617 1055 2702 γέρων
1078 2618 1117 2680 ὢν
1140 2614 1286 2700 περιέρρει,

189 2725 288 2809 ὥσπερ
312 2720 462 2807 Κοννᾶς,
497 2726 672 2812 στέφανον
695 2726 755 2810 μὲν
777 2724 872 2809 ἔχων
906 2710 1004 2808 οιῦον,
1042 2725 1126 2809 δίψῃ
1149 2727 1179 2788 δ’
1201 2723 1287 2787 ἀπυ-

815 2910 819 2915 g
1090 2834 1223 2901 loide

288 2943 454 3008 Pertinent
474 2944 554 3008 haec
576 2947 674 3009 verba
690 2942 730 3008 ad
746 2945 918 3025 Cratinum,
940 2944 1150 3008 clarissimum
1166 2963 1287 3009 comoe-

193 3048 312 3116 diarum
334 3053 524 3136 scriptorem
546 3054 779 3118 Atheniensem.
823 3053 1056 3136 Aristophanes
1075 3053 1286 3118 Athenienses

188 3163 331 3242 graviter
353 3170 484 3226 accusat
512 3164 554 3226 ob
580 3163 737 3245 ingratum
768 3164 802 3226 in
834 3162 997 3225 Cratinum
1030 3162 1180 3243 animum;
1214 3183 1286 3225 nam

160 3269 366 3350 Cratinum,
401 3292 470 3334 cum
502 3277 596 3336 antea
624 3272 775 3356 populum
798 3271 963 3355 permultis
988 3271 1159 3334 comoediis
1183 3270 1285 3334 delee-
1326 3281 1329 3285 ’

186 3379 314 3452 taverit,
338 3386 371 3442 et
393 3382 585 3444 auctoritate
607 3374 750 3446 floruerit
772 3381 976 3465 amplissima,
997 3390 1063 3443 tum
1086 3399 1192 3444 senem
1215 3397 1287 3443 esse

187 3488 369 3570 neglectum
402 3510 504 3574 neque
537 3491 718 3555 conditione
740 3490 871 3555 meliore
894 3510 987 3572 quam
1009 3489 1152 3553 Connam
1179 3487 1285 3551 tibici-

186 3618 268 3661 nem.
312 3597 383 3661 Non
411 3608 530 3663 temere
562 3600 668 3664 dictae
696 3606 768 3663 sunt
793 3620 813 3662 a
839 3613 936 3681 poeta
962 3617 1076 3677 voces,
1110 3604 1286 3679 quaesunt

187 3703 259 3773 αὖος
282 3715 314 3770 et
335 3706 417 3790 dido,
454 3707 510 3771 illa
532 3709 614 3771 enim
642 3707 803 3790 significat
831 3714 1026 3771 senectutem
1053 3706 1188 3786 Cratini,
1224 3705 1285 3768 hac

188 3815 365 3896 castigatur
388 3817 560 3881 vinolentia
583 3817 665 3899 ejus,
689 3835 770 3898 quae
793 3817 922 3899 saepius
944 3823 1054 3880 notata
1075 3815 1206 3897 legitur,
1235 3835 1286 3879 ve-

187 3924 247 3987 luti
269 3923 302 3986 in
324 3945 394 4007 pac.
419 3923 480 3986 703
503 3946 574 4008 equ.
596 3923 667 3987 535.
691 3923 759 3985 700.
782 3927 785 3933 '

289 4034 353 4098 Sed
369 4044 403 4098 ut
418 4034 545 4098 redeam
559 4035 599 4098 ad
612 4034 764 4098 Conuam.
799 4033 999 4097 Scholiastes
1022 4033 1051 4096 h.
1068 4032 1088 4097 l.
1112 4031 1285 4096 memoriae

186 4143 330 4224 tradidit,
353 4163 435 4226 quae
457 4143 606 4207 Cratinus
629 4144 668 4207 de
691 4141 800 4206 eodem
825 4140 920 4207 dixit:

338 4248 418 4313 ἔσθιε
440 4251 486 4313 καὶ
508 4255 545 4334 τῇ
560 4252 658 4334 γαστρὶ
679 4250 759 4313 δίδου
782 4251 876 4334 χάριν,
899 4246 976 4332 ὄφρα
998 4271 1031 4310 σε
1053 4234 1135 4330 trote

339 4359 475 4444 ἐχδαίρρ,
499 4355 608 4426 Κοννᾶς
631 4360 664 4422 δὲ
686 4356 905 4443 πολυστέρανὸς
926 4381 959 4420 σε
978 4358 1099 4441 φιλήσῃ.

1169 4472 1187 4525 4
