3100 4974
780 308 817 368 10

699 396 898 406 --—--—-

247 509 381 594 primum
405 510 445 575 de
467 510 633 576 sententiis
656 511 860 591 dissererem,
895 529 977 594 quae
1002 509 1076 573 loco
1105 509 1348 594 proverbiorum

248 619 414 684 habendae
429 620 500 701 sint,
523 626 587 683 tum
600 619 640 685 de
651 620 847 703 metaphoris
858 619 1137 702 locutionibusque
1152 617 1347 700 vulgaribus.

247 728 319 792 Hac
341 728 373 791 in
395 734 488 813 parte
510 747 572 791 non
595 748 665 793 eam
686 730 842 793 rationem
865 734 993 794 secutus
1026 747 1113 806 sum,
1145 732 1181 790 ut
1213 727 1348 812 primum

249 836 289 901 de
303 836 493 921 proverbiis,
516 857 598 918 quae
619 838 712 901 modo
728 838 931 922 metaphoras
947 836 1168 921 proverbiales
1185 836 1259 917 dixi,
1283 838 1348 901 tuin

248 945 288 1010 de
310 945 524 1010 locutionibus
541 945 738 1027 dissererem,
762 947 910 1029 sedeam,
932 946 1157 1011 oblocutiones
1170 945 1262 1010 simul
1278 964 1348 1009 oum

248 1054 294 1118 eis
310 1054 490 1138 proverbiis
506 1062 685 1136 tractarem,
698 1076 781 1139 quae
796 1076 836 1119 ex
859 1056 971 1120 eodem
986 1055 1076 1118 fonte
1097 1054 1244 1138 profecta
1266 1063 1347 1119 sunt.

347 1162 462 1245 Itaque
484 1163 516 1226 in
540 1163 642 1228 altera
664 1174 756 1247 parte
778 1165 913 1248 primurn
929 1164 968 1229 de
983 1163 1164 1249 proverbiis
1180 1162 1347 1227 locutroni-

246 1272 371 1352 busque
394 1270 573 1354 disputabo,
595 1292 676 1353 quae
692 1293 711 1336 a
726 1280 840 1337 natura
855 1272 1104 1357 quadrupedum,
1126 1272 1239 1350 avium,
1262 1272 1349 1356 plan·

247 1389 349 1443 tarum
373 1380 562 1464 deprompta
584 1388 672 1460 sunt;
707 1382 877 1446 secundum
902 1382 941 1446 de
965 1382 1024 1462 eis,
1047 1397 1137 1463 quac*
1151 1400 1191 1444 ex
1213 1381 1350 1464 singula·

247 1510 315 1551 rum
349 1490 488 1571 gentium
522 1489 744 1572 hominumque
777 1491 885 1556 indole
917 1491 1122 1572 moribusque
1158 1498 1228 1553 orta
1262 1497 1348 1572 sunt;

247 1598 375 1661 tertium
395 1598 436 1661 iis
458 1617 588 1681 operam
610 1598 706 1673 dabo,
742 1621 824 1684 qnae
848 1621 865 1664 e
887 1600 1039 1665 memoria
1060 1619 1165 1663 rerum
1187 1606 1348 1680 gestarum

247 1705 395 1789 profecta
417 1715 502 1788 sunt;
526 1714 673 1788 quartum
696 1710 750 1790 eis,
773 1729 855 1791 quae
878 1730 916 1773 ex
940 1708 1074 1771 historia
1094 1707 1232 1770 fabulari
1255 1708 1349 1789 origi·

247 1836 317 1879 nem
340 1815 510 1895 duxerunt;
545 1817 685 1898 quintum
709 1837 749 1881 ea
771 1817 935 1881 afferenda
957 1825 1061 1897 erunt,
1089 1835 1170 1899 quae
1200 1818 1240 1879 ab
1262 1817 1349 1880 insti-

246 1924 324 1987 tutis
348 1925 538 2006 quibusdam
559 1926 706 2009 profecta
729 1933 814 2008 sunt;
850 1936 972 1990 sextum
994 1926 1132 2008 denique
1154 1945 1200 2006 ea,
1223 1945 1306 2007 quae
1329 1946 1349 1989 a

248 2033 445 2115 quotidianis
472 2036 631 2098 hominum
658 2036 923 2119 occupationibus
951 2035 1137 2116 artibusque
1160 2034 1349 2116 quibusdam

248 2142 350 2224 petita
374 2150 461 2225 sunt;
495 2144 547 2207 cui
575 2145 659 2227 parti
683 2144 839 2227 quaedam
864 2143 1042 2208 locutiones
1065 2143 1283 2226 formulaeque
1306 2143 1349 2206 di·

248 2251 342 2314 cendi
366 2251 536 2334 addentur,
559 2273 642 2337 quae
664 2254 790 2317 omnino
813 2254 969 2337 partibus,
993 2273 1072 2335 quas
1095 2253 1348 2331 commemoravi,

247 2360 379 2423 attribui
401 2381 463 2424 non
485 2367 666 2444 potuerunt.
693 2395 730 2405 -

781 2531 823 2608 A.

617 2693 682 2775 lie
710 2694 960 2776 sententiis.

348 2863 532 2947 Perpaucas
561 2871 682 2929 tantum
710 2866 885 2930 sententias
913 2865 947 2928 in
973 2864 1199 2948 Aristophanis
1229 2883 1350 2929 comoe-

246 2972 309 3036 diis
331 2973 476 3055 reperiri,
499 2993 562 3037 non
585 2981 634 3038 est
655 2973 840 3054 mirandum,
865 2975 1013 3057 quoniam
1035 2974 1161 3039 omnino
1176 2975 1210 3037 in
1226 2992 1349 3038 comoe-

249 3080 315 3163 dia,
349 3102 430 3164 quae
452 3083 532 3147 vitia
559 3103 726 3167 moresque
753 3104 871 3168 pravos
900 3083 1010 3167 populi
1038 3083 1190 3164 castiget,
1223 3102 1286 3146 non
1311 3102 1349 3146 ea

250 3201 438 3275 argumenta
454 3192 664 3274 continentur,
688 3213 769 3276 quae
788 3193 895 3256 multis
911 3193 1077 3257 sententiis
1094 3199 1170 3275 apte
1187 3196 1345 3255 ornentur.

246 3304 353 3385 Atque
373 3321 414 3365 ne
436 3320 545 3366 omnes
567 3301 890 3384 quidemsententias
919 3321 978 3385 pro
1000 3301 1183 3384 proverbiis
1204 3319 1274 3366 esse
1296 3300 1348 3364 ha·

246 3410 377 3491 bendas,
395 3410 464 3493 jam
486 3429 584 3494 supra
606 3409 761 3490 admonui,
784 3410 873 3498 velut

287 3544 321 3607 in
342 3563 391 3607 av.
413 3541 475 3606 375
496 3542 545 3604 ἀπ’
568 3542 686 3628 ἐχθρῶν
708 3545 784 3626 δῆτα
804 3544 903 3607 πολλὰ
925 3544 1104 3628 μανθάνουσι
1123 3543 1149 3604 οἱ
1170 3543 1265 3627 σοφοί,

290 3652 341 3717 vei
362 3652 488 3717 Thesm.
514 3650 687 3715 1130-31.

289 3783 410 3845 σκαιοῖσι
430 3780 485 3863 γάρ
508 3801 553 3841 τοι
573 3777 656 3841 καινὰ
677 3778 849 3864 προςφέρων
871 3780 951 3864 σοφοί

290 3888 383 3972 μάτην
407 3887 568 3955 ἀναλίσκοις
591 3885 635 3951 ἄν.

348 4006 447 4070 Plura
466 4005 560 4089 hujus
583 4006 710 4088 generis
725 4007 952 4071 sententiarum
971 4005 1119 4087 exempla
1141 4005 1256 4071 afferre
1279 4024 1350 4090 pos·

247 4136 329 4197 sum3
357 4115 414 4179 scd
431 4115 498 4197 jam
521 4133 559 4178 ex
582 4114 632 4179 his
653 4120 798 4199 apparet,
820 4134 884 4178 non
911 4133 1020 4179 omnes
1043 4116 1219 4178 sententias
1241 4114 1274 4176 in
1298 4135 1350 4177 nu·

245 4243 333 4290 mero
355 4223 597 4309 proverbiorum
619 4224 782 4287 habendas
804 4243 885 4303 esse,
909 4223 966 4288 sed
987 4243 1042 4287 eas
1061 4230 1191 4305 tantum,
1212 4243 1293 4305 quae
1316 4223 1350 4286 in

248 4340 368 4400 certam
390 4332 524 4396 formam
546 4334 610 4397 sint
631 4332 797 4415 redactae3
832 4333 923 4417 eujus
946 4334 1074 4416 generis
1097 4332 1244 4418 exempla
1265 4352 1348 4415 quae

246 4444 281 4507 in
302 4442 529 4526 Aristophanis
552 4441 727 4507 comoediis
749 4442 825 4505 mihi
848 4448 1065 4517 occurrerunt,
1088 4443 1169 4506 haec
1192 4447 1273 4506 sunt.
