3100 4974
774 294 816 361 ta

693 384 892 395 ...manu-...-

244 492 329 563 Plutl
353 494 404 564 dei
426 494 528 564 oculis
550 497 714 582 restitutis,
737 498 899 566 desierunt
918 516 1011 565 sacra
1032 498 1139 566 lacere
1162 501 1230 567 deis
1253 496 1340 583 (οἴμοι

243 603 341 690 τάλας,
364 600 438 692 οἴμοι
459 606 636 677 πλακοῦντος
657 607 707 671 τοῦ
729 607 751 671 ’ν
778 612 894 693 τετράδι
914 609 1120 694 πεπεμμένου),
1144 610 1261 675 Oarion
1277 620 1339 674 ser-

243 729 301 780 vus
323 711 497 801 respondet
518 711 641 781 dicens:

383 824 509 894 ποθεῖς
530 820 588 887 rit
612 826 650 888 οὐ
674 820 833 910 παρόντα
855 824 911 890 καὶ
934 825 1047 912 μάτην
1069 828 1196 894 καλεῖς.

243 924 340 1018 Cujus
362 924 532 998 locutionis
555 927 709 1016 originem
731 944 764 1001 et
785 931 1049 1020 significationem
1076 935 1123 1002 slc
1150 934 1340 1020 explicatam

242 1043 327 1127 apud
349 1043 552 1107 scholiastam
573 1044 721 1126 legimus:
752 1040 906 1127 Ἡρακλῆς
929 1039 1028 1107 πλέων
1052 1042 1124 1127 μετὰ
1148 1044 1198 1127 τῆς
1215 1041 1340 1128 ’lipparis

242 1151 282 1218 εἰς
305 1146 438 1235 Κόλχους
457 1149 507 1213 σὺν
526 1151 630 1213 Ἰάσονι
651 1151 680 1211 ἐν
703 1147 765 1232 Κίιμ
795 1158 833 1233 τῇ
855 1150 945 1234 Νήσῳ
974 1154 1116 1235 ἐξελθὼν,
1149 1155 1196 1216 καὶ
1225 1153 1341 1237 πέμψας

241 1259 290 1321 τὸν
310 1259 455 1340 ἐρώμενον
476 1251 564 1321 αὐτοῦ
579 1250 693 1318 Ὕλλον
716 1258 794 1340 ὕδωρ
810 1258 958 1341 ἀντλῆσαι,
982 1261 1146 1342 περιέμενεν
1169 1260 1269 1324 αὐτόν·
1291 1265 1341 1324 τοῦ

242 1368 274 1431 δὲ
300 1367 355 1428 ὑπὸ
383 1365 512 1449 Νυμφῶν
545 1364 758 1448 ἁρπασθέντος,
789 1362 938 1450 Ἡρακλῆς
970 1367 1061 1429 πολὺν
1094 1368 1198 1451 χρόνον
1232 1371 1339 1452 ἐζήτει·

240 1475 357 1557 ὕστερον
380 1475 413 1537 δὲ
434 1473 489 1535 ὑπό
511 1496 584 1540 τινος
606 1474 733 1555 αἰθερίας
756 1480 855 1557 φωνῆς
876 1474 983 1558 ἤκουσε
1010 1477 1131 1556 ,ποθεῖς
1158 1480 1206 1537 τὸν
1229 1479 1262 1538 οὐ
1285 1502 1339 1540 πα-

241 1582 335 1666 ρόντα,
359 1583 404 1645 καὶ
416 1584 508 1666 μάτην
523 1582 649 1650 καλεῖςθί.
673 1582 791 1666 ἐλήφθη
813 1580 863 1645 οὖν
887 1588 971 1646 τοῦτο
987 1585 1025 1651 εἰς
1041 1584 1192 1667 παροιμίαν
1215 1584 1261 1645 ἐπὶ
1282 1591 1339 1645 τῶν

240 1693 331 1774 μάτην
354 1693 600 1775 προςδοκούντοον.
639 1692 828 1775 Comprobo,
852 1714 933 1776 quae
954 1694 1140 1757 Duebnerus
1161 1694 1195 1756 in
1217 1693 1337 1756 adnott.

241 1802 311 1864 erit.
335 1801 426 1865 adh.
450 1798 469 1865 l.
499 1800 597 1865 schol.
625 1802 657 1863 in
684 1801 732 1865 ed.
762 1802 864 1865 Paris.
890 1800 970 1863 1854
1003 1802 1043 1866 de
1074 1802 1135 1864 hoo
1168 1801 1338 1884 proverbio

240 1909 391 1973 disseruit
413 1929 544 1989 „versus
564 1919 667 1973 autem
690 1910 744 1973 ille
766 1911 980 1994 proverbialis
1008 1911 1047 1973 de
1075 1917 1216 1975 veterum
1239 1910 1339 1992 eujus·
1385 1929 1387 1933 ’

241 2018 310 2081 dam
334 2019 502 2101 tragoedia
518 2019 592 2082 sine
615 2019 710 2081 dubio
739 2019 912 2101 derivatus,
947 2020 1001 2082 ubi
1024 2019 1210 2098 Herculem,
1244 2025 1279 2080 ut
1300 2014 1339 2081 ab

239 2127 326 2207 Hyla
341 2126 500 2191 incassum
516 2125 696 2209 quaerendo
713 2127 890 2209 desisteret,
913 2149 976 2192 vox
993 2127 1083 2191 coelo
1100 2129 1197 2191 missa
1211 2127 1340 2207 monuit,

238 2235 338 2302 ποθεῖς
359 2235 408 2297 τὸν
431 2236 464 2298 οὐ
481 2258 569 2317 παρκ
596 2261 625 2317 μ.
642 2259 678 2318 κ,
703 2258 784 2319 quae
806 2239 963 2302 sententia
985 2246 1075 2301 tanto
1099 2256 1200 2320 opere
1219 2243 1340 2319 specta-

150 2394 153 2397 .
240 2345 363 2408 toribus
383 2346 499 2423 arrisit,
522 2355 558 2409 ut
579 2348 762 2429 paroemias
778 2348 920 2427 vulgaris
943 2345 1114 2429 privilegio
1138 2345 1338 2409 donaretu1·.“

339 2453 388 2516 Ex
421 2453 529 2518 labu'la
562 2457 638 2518 itam
671 2464 742 2518 orta
769 2466 819 2520 est
844 2456 964 2520 locutio
986 2456 1182 2538 Διομήδειά
1204 2453 1340 2535 ἀνάγκη

238 2562 271 2624 in
283 2563 398 2627 eccles.
420 2561 505 2643 1023,
528 2564 808 2628 ubianuslasciva
831 2564 1066 2629 adulescentem
1089 2559 1259 2627 adhortata
1282 2569 1340 2643 est,

238 2679 273 2734 ut
295 2691 329 2735 se
352 2671 477 2736 domum
499 2681 746 2756 prosequeretur
768 2674 860 2756 (δεῦρ’
883 2673 1054 2736 ἀκολουθεῖν
1078 2676 1118 2739 ὡς
1140 2671 1216 2755 ἐμέ).
1261 2671 1341 2734 Tum

239 2779 442 2851 adulescens:
477 2781 523 2843 καὶ
555 2784 633 2844 ταῦτ’
661 2782 772 2864 ἀνάγκη
802 2783 917 2865 μούστί;
951 2790 983 2847 et
1015 2783 1084 2845 illa:
1118 2781 1278 2863 Διομήδειά
1298 2801 1341 2861 γε.

239 2887 410 2952 Sententia·
424 2890 595 2953 locutionis
610 2890 715 2954 facilis
738 2899 787 2954 est
803 2891 843 2953 ad
859 2892 1094 2975 explicandum3
1119 2911 1158 2955 ea
1177 2890 1260 2953 enim
1284 2886 1341 2970 est,

239 3017 333 3079 quam
355 2998 489 3079 legimus
512 3019 562 3083 ap.
585 3003 697 3082 Apost.
720 3000 780 3078 VI,
806 2998 845 3061 15
868 3006 900 3064 et
922 3000 1040 3064 Zenob.
1065 3000 1126 3077 111,
1153 2998 1173 3060 8
1196 3005 1229 3063 et
1251 2996 1340 3061 Snid.

240 3126 264 3168 s,
287 3128 331 3171 v.:
364 3106 488 3168 ἐπὶτῶν
511 3106 585 3169 κατὰ
608 3109 735 3191 ἀνάγκην
758 3108 819 3169 τινὰ
841 3107 1039 3191 πρασσόντων,
1061 3109 1113 3173 vel
1134 3115 1170 3172 ut
1190 3108 1342 3170 Erasmus
1405 3106 1408 3109 ’

240 3236 270 3298 ρ.
293 3213 388 3280 2321)
411 3217 554 3300 explicat
577 3217 637 3295 „de
658 3218 699 3280 iis
722 3218 822 3297 dieta,
858 3219 912 3298 qui
934 3219 966 3279 vi
989 3217 1109 3297 adacti,
1142 3236 1202 3278 non
1228 3223 1342 3297 sponte

240 3324 316 3407 quid
338 3324 489 3388 iaciunt.“
525 3325 624 3405 Origo
642 3326 730 3387 varie
754 3327 794 3387 ab
816 3326 1044 3408 interpretibus
1067 3324 1212 3388 traditur.
1248 3324 1343 3388 Scho-

239 3433 350 3496 liastes
372 3434 471 3496 Arist.
496 3433 577 3495 eninr
602 3433 649 3494 sic
672 3452 740 3494 eam
763 3442 885 3497 narrat:
910 3431 953 3492 ὅτι
968 3435 1115 3516 ,λιαμήόης
1136 3428 1254 3516 ὁθρηίξ,
1278 3430 1344 3514 πάρ·
1387 3486 1391 3493 .

239 3563 288 3607 νας
311 3538 392 3622 ἔχων
415 3538 591 3622 θυγατέρας,
625 3539 694 3606 τοὺς
720 3538 872 3622 παριόντας
899 3540 993 3608 ξένους
1020 3541 1150 3626 ἐβιάζετο
1174 3541 1271 3607 αὐταῖς
1294 3564 1341 3602 σο·

239 3654 338 3727 νεῖναι,
362 3647 418 3715 ἕως
441 3646 474 3711 οὗ
497 3646 581 3728 κάρον
605 3653 699 3733 σχῶσι
720 3649 766 3711 καὶ
787 3649 979 3713 ἀναλωθῶσιν
1002 3651 1028 3712 oi
1050 3649 1167 3734 ἄνδρες·
1201 3650 1235 3717 ἃς
1257 3649 1342 3712 καὶὸ

240 3758 333 3840 μῦθος
348 3757 451 3825 ἵππους
469 3756 720 3841 ἀνθρωποφάγους
737 3756 824 3823 εἶπεν,
859 3759 979 3823 Contra
995 3757 1184 3824 scholiastes
1198 3760 1343 3824 Platonis

240 3880 308 3951 rep.
331 3865 360 3929 6.
383 3889 413 3952 p.
437 3865 548 3949 4931),
571 3889 663 3951 quem
685 3871 798 3953 Apost.
822 3879 854 3933 et
876 3870 993 3933 Zenob.
1018 3870 1269 3951 exscripserunt,
1292 3889 1351 3931 an-⁴

239 3964 378 4058 notavit,
411 3978 566 4060 originem
596 3998 636 4042 ex
667 3998 704 4052 eo
733 3978 908 4042 ducendam
942 3998 1026 4058 esse,
1056 3978 1139 4061 quod
1172 3976 1343 4051 Diomedes

240 4087 382 4171 Tydides
416 4108 486 4150 cum
518 4106 581 4151 una
615 4108 682 4150 cum
711 4087 808 4152 Ulixe
840 4085 1013 4171 palladium
1040 4087 1252 4170 Trojauorum
1285 4086 1343 4150 eri-

239 4197 363 4281 puisset
394 4196 522 4275 timens,
556 4216 595 4259 ne
629 4197 660 4259 in
695 4206 802 4261 castra
829 4196 957 4261 rediens
981 4197 1023 4258 ab
1046 4194 1142 4261 Ulixe
1163 4201 1342 4273 necaretur,

171 4392 178 4403 Ι
239 4306 323 4369 hunc
346 4306 515 4387 coegisset,
539 4310 573 4366 nt
594 4305 802 4369 antecederet
822 4306 892 4369 sibi.
926 4303 974 4368 of.
999 4305 1118 4368 Erasm.
1143 4326 1173 4387 p.
1195 4301 1264 4384 232,
1288 4304 1343 4385 qui

241 4424 407 4498 utramque
428 4411 727 4494 interpretationem
748 4415 922 4498 recepit.»
1016 4486 1021 4490 ι
1098 4486 1106 4491 .
1178 4453 1180 4456 >
