3100 4974
734 294 777 357 43

304 491 469 561 Κυδώνια
502 497 600 577 μῆλα
632 496 664 559 ἰιι
687 496 793 579 frgmt
816 494 889 578 634,
912 493 953 560 cs.
975 495 1099 559 Polluc.
1123 493 1306 578 6,47‚,quae

204 605 343 670 malain
366 606 444 670 Aah.
470 602 552 666 1199
574 611 607 668 ot
628 607 700 669 nub.
721 604 781 668 977
805 610 1096 670 commemorantur.

305 713 484 797 λάβρακες
508 711 679 796 Μιλήσιοι
700 714 732 777 in
755 735 825 796 equ.
841 711 901 776 361
925 722 959 778 et
979 713 1084 795 frgmt.
1101 711 1173 776 333.
1210 713 1307 777 Plura

203 824 296 906 legas
319 843 370 907 ap.
394 826 507 907 Apost.
530 823 571 904 X,
594 821 635 884 38
657 833 690 888 et
710 824 743 887 in
765 822 850 908 A'pp.
872 823 930 904 111,
951 818 1002 885 57ss
1287 822 1290 825 ’

303 933 461 1018 ηλαῦκες
493 931 742 1013 Λαυριωτικαί
770 933 803 995 in
837 953 886 995 av.
923 929 1017 1012 1106,
1051 930 1165 1013 quibus
1198 928 1307 994 verbis

203 1041 320 1106 nummi
340 1041 484 1124 argentei
505 1040 707 1123 intelligendi
729 1048 810 1122 sunt,
832 1041 989 1125 impressa
1011 1039 1098 1102 ulula
1120 1038 1256 1121 signati..

305 1146 527 1233 Τρικορυσία
560 1146 665 1232 ἐμπίς
697 1151 730 1213 in
761 1150 834 1232 hys.
858 1147 948 1229 1032,
979 1149 1034 1212 nbi
1068 1147 1172 1212 sohol:
1205 1149 1245 1214 ὡς
1278 1144 1310 1207 ἐν

204 1255 379 1343 Τρικορύθῳ
408 1258 466 1343 (sc.
489 1257 592 1341 δήμῳ)
621 1259 740 1320 πολλῶν
772 1257 903 1341 ἐμπίδων
932 1259 1125 1340 γιγνομένων·
1158 1252 1220 1317 ἔστι
1252 1253 1308 1337 γὰρ

202 1366 345 1450 άλσιίιδης
367 1366 415 1430 καὶ
435 1365 592 1449 κάθυγρος.

306 1471 495 1560 Ταρτησία
529 1474 686 1557 μύραινα
717 1475 750 1537 in
783 1495 849 1539 rau.
878 1475 954 1558 475,
989 1496 1084 1558 quam
1116 1474 1310 1538 locutionem
1338 1474 1342 1479 ’

205 1605 246 1650 ex
268 1584 448 1649 imitatione
469 1582 635 1668 proverbii
657 1586 734 1663 γαλῆ
758 1579 913 1668 Ταρτησία,
937 1585 977 1649 de
1000 1604 1062 1668 quo
1085 1584 1180 1665 Diog.
1193 1582 1252 1662 III,
1269 1578 1308 1642 71

206 1693 368 1775 disseruit,
399 1692 577 1777 profectam
600 1711 671 1757 osse
693 1692 884 1757 Leutschins
912 1693 945 1756 in
978 1694 1100 1758 adnott.
1134 1691 1175 1756 ad
1196 1695 1310 1776 Apost.

205 1803 297 1883 XVI,
324 1800 361 1864 15
382 1802 539 1866 admonet.

308 1910 476 1977 Αἰτναῖος
503 1908 674 1992 μέγιστος
694 1909 838 1992 κάνθαρος
859 1910 892 1973 in
913 1930 975 1994 pac
995 1908 1044 1972 73.
1083 1909 1172 1987 Quae
1188 1907 1311 1972 locutio

207 2028 311 2085 utrum
334 2040 373 2084 ex
394 2039 433 2084 eo
456 2028 527 2084 orta
549 2020 600 2101 sit,
624 2019 709 2101 quod
732 2019 838 2102 magni
861 2019 1007 2083 canthari
1028 2019 1061 2082 in
1084 2024 1189 2093 monte
1205 2019 1311 2080 Aetna

208 2138 312 2208 erant,
345 2148 386 2191 an
410 2127 541 2195 Αἰτναῖος
569 2149 629 2213 par
661 2126 862 2211 ὑπερμεγέθης
892 2127 1131 2211 comparatione
1163 2126 1311 2190 instituta

208 2237 456 2320 intellegendum
479 2238 529 2318 sit,
553 2247 588 2301 ut
610 2237 799 2302 scholiastes
816 2236 943 2320 quidem
959 2237 1034 2318 vult
1058 2237 1232 2301 decennem
1247 2255 1311 2297 uon

208 2364 345 2431 possum.
389 2345 588 2429 Quamquam
610 2347 667 2410 ilia
684 2347 924 2430 interpretatis,
957 2346 1128 2412 secundam
1150 2365 1244 2427 quam
1265 2344 1310 2407 lo·

209 2456 329 2520 cationi
350 2455 525 2519 similitudo
548 2476 618 2519 cunr
641 2456 688 2520 cis
711 2463 773 2535 cst,
798 2475 878 2538 quas
900 2456 961 2519 huc
984 2455 1085 2536 attuli,
1110 2454 1185 2517 mihi
1208 2452 1310 2534 magis

210 2562 333 2631 arridet
355 2584 447 2646 quam
469 2564 559 2629 haec.
1288 2578 1291 2581 “

307 2669 385 2742 ὄξος
406 2671 586 2756 Σφήττιον
608 2674 641 2736 in
663 2673 740 2756 plut.
765 2672 835 2736 720.

307 2779 386 2865 ἔρια
409 2779 566 2863 Μιλήσια
592 2782 624 2845 in
646 2781 719 2863 Lys.
737 2779 799 2842 729
820 2788 853 2845 et
875 2781 1071 2862 στρώματα
1094 2777 1258 2862 Μιλήσια
1279 2778 1311 2841 in

214 2911 278 2954 ran.
302 2889 372 2970 542,
395 2892 449 2954 ubi
472 2891 579 2956 schol:
602 2888 664 2951 ἐκεῖ
682 2888 737 2973 γὰρ
760 2888 788 2951 ἐν
812 2887 935 2973 Μιλήτῳ
957 2891 1033 2972 καλὴ
1056 2890 1074 2971 ἡ
1099 2891 1158 2949 τῶν
1179 2887 1311 2971 στριυμά·

213 3021 268 3060 τιον
293 2999 421 3083 ἐργασία.
529 3050 531 3054 .
951 3021 954 3025 ’
1205 3049 1209 3055 .

309 3109 431 3192 βάμμα
463 3107 662 3192 Σαρδιακθν
689 3107 841 3192 βάπτειν
870 3106 948 3168 τινά
969 3107 1002 3169 in
1024 3107 1104 3171 Aah.
1130 3103 1205 3185 1123
1232 3118 1314 3186 quae

209 3220 308 3283 verba
341 3218 489 3282 dicuntur
512 3218 551 3282 de
580 3237 631 3297 eo,
664 3217 718 3299 qui
752 3206 940 3280 verberibus
971 3223 1142 3296 tantopere
1176 3215 1315 3295 castiget

209 3328 365 3411 aliquem,
397 3338 433 3391 ut
454 3328 607 3410 sanguina
630 3346 780 3412 resperso
805 3333 955 3390 cruentus
978 3324 1027 3387 sit.
1072 3323 1161 3401 Quae
1193 3322 1314 3386 locutio

209 3437 355 3519 quamvis
379 3438 521 3519 vulgaris
543 3458 563 3500 a
586 3435 769 3500 scholiastis
792 3456 855 3499 non
877 3442 988 3500 notata
1016 3435 1075 3515 sit,
1108 3439 1212 3497 tamen
1246 3451 1315 3515 spe·

211 3545 291 3609 ciem
324 3547 488 3630 proverbii
523 3544 722 3610 manifestam
757 3546 900 3628 praebet.
948 3545 998 3607 De
1030 3551 1121 3607 vesta
1152 3560 1314 3626 purpurea

211 3655 336 3719 occurit
357 3655 477 3720 locutio
493 3653 595 3739 βάμμα
611 3651 771 3738 Σαρδιακόν
795 3653 880 3722 dicta
904 3654 935 3719 io
959 3672 1030 3737 pac.
1047 3651 1136 3731 1174,
1159 3650 1213 3713 ubi
1227 3649 1315 3714 scho-

210 3764 321 3829 liastes
344 3771 485 3847 annotat,
507 3770 635 3848 poetam
657 3764 752 3827 etiam
772 3763 806 3825 in
830 3761 996 3826 comoedia
1013 3757 1189 3842 Ἰἀηηνισταί
1205 3759 1315 3824 eadam

211 3873 374 3938 locutione
396 3893 485 3938 usum
508 3871 614 3936 fuisse.
658 3873 696 3936 In
718 3891 790 3955 pac.
816 3869 910 3953 1176,
941 3860 998 3933 nbi
1024 3869 1088 3932 dux
1109 3869 1244 3950 ignavus
1266 3866 1316 3932 de-

213 3983 381 4046 scribitur:

411 4088 447 4172 ῆν
470 4088 504 4152 δέ
525 4111 581 4151 που
604 4088 659 4172 δέη
681 4087 809 4172 μάχεσθ’
832 4084 940 4171 ἔχοντα
961 4088 1015 4169 τὴν
1035 4084 1185 4169 φοινικίδα,

371 4198 375 4203 ’
419 4199 561 4281 τηνικαῦτ’
585 4197 672 4266 αὐτὸς
694 4195 836 4282 βέβαπται
849 4197 959 4283 ,βάμμα
982 4190 1178 4278 Κυζικηνικόν,
1208 4196 1211 4202 ’

415 4305 489 4369 κᾶτα
510 4305 613 4391 osdra
634 4310 757 4390 πρῶτος,
873 4334 876 4343 ’
1054 4301 1058 4307 ’
1360 4389 1362 4392 y

215 4423 312 4502 poeta
334 4436 415 4482 voce
438 4411 627 4501 Κυζικηκικέν
652 4436 727 4480 usus
759 4422 824 4496 ast,
858 4420 893 4478 ut
912 4413 1124 4498 Oynienorum
1155 4412 1316 4495 ignaviam
