3100 4974
801 278 842 341 36

719 366 919 376 -----

268 478 508 545 Atheniensium
531 458 724 547 conveniret.
758 481 899 559 Quacum
914 481 1167 583 Acharnensium
1182 481 1369 547 strenuitate

268 584 447 673 congruunt
469 582 752 679 quae-Lysis'trate
773 591 806 655 iu
827 611 909 657 vers.
933 589 1057 654 61463
1080 591 1173 658 dicit:

468 722 531 785 οὐδ’
554 721 589 791 ἃς
610 698 808 809 προςεδόκουν
826 724 1019 810 κάλογιζόμην
1038 710 1097 806 ἐγω

467 830 585 914 πρώτας
606 831 784 933 παρέσεσθαι
806 835 893 920 δεῦρο
915 835 967 905 τὰς
983 831 1155 920 Ἀχαρνέων

385 978 388 983 -
465 944 609 1025 γυναῖκας,
633 942 690 1028 οὐχ
711 944 839 1028 ἥκουσιν.

325 1126 328 1131 ,
365 1074 440 1139 Alia
460 1074 580 1139 locutio
604 1077 644 1169 dc
665 1077 912 1142 Atheniensibus
935 1078 1024 1143 diota
1045 1087 1095 1143 est
1121 1056 1289 1167 Ἀττικὸς
1316 1075 1369 1143 εἰς

191 1193 193 1198 ’
267 1183 392 1266 λιμένα
415 1184 448 1245 in
471 1183 577 1266 irgnnt.
600 1182 649 1246 61.
675 1183 715 1247 cf.
744 1184 884 1265 Hesych.
908 1194 941 1248 et
962 1187 1054 1249 Phot.
1077 1207 1108 1268 p.
1129 1184 1209 1267 227,
1242 1186 1296 1268 qui
1329 1186 1369 1250 de

267 1292 367 1357 forma
390 1298 479 1356 recte
501 1298 632 1354 annotat
656 1290 748 1352 λείπει
769 1290 896 1373 ἰσχυράς.
931 1293 1095 1372 Originem
1117 1293 1297 1376 Hesychius
1321 1296 1368 1358 sic

266 1401 421 1485 explicat:
455 1399 482 1459 oi
505 1397 561 1481 γὰρ
586 1393 737 1480 Ἀθηναῖοι
764 1397 908 1465 συντόνως
933 1396 1059 1481 ἤλαυνον
1086 1399 1299 1468 καταπλέοντες
1321 1402 1368 1464 διὰ

265 1509 298 1572 τὸ
321 1508 496 1591 θεωρεῖσθαι
522 1506 578 1568 ὑπὸ
601 1510 659 1568 τῶν
682 1506 714 1570 ἐκ
735 1510 787 1588 τῆς
808 1511 870 1590 γῆς.
920 1507 1040 1582 Eadem
1066 1515 1115 1571 est
1141 1507 1366 1595 interpretatio

265 1616 426 1701 Apostolii
448 1617 481 1680 in
501 1617 558 1698 IV,
581 1614 630 1698 ab,
653 1603 789 1700 excepto
812 1636 864 1698 eo,
893 1615 978 1697 quod
999 1636 1058 1700 pro
1079 1616 1186 1680 verbis
1209 1604 1365 1694 καταπλεῖν

264 1725 304 1793 εἰς
323 1723 425 1807 λιμένα
446 1726 578 1809 scripsit
598 1728 649 1786 τοῦ
673 1722 787 1807 λιμένος
809 1721 918 1793 ἐξιέναι.
963 1725 1137 1789 Dicebatur
1162 1710 1365 1809 proverbium

265 1834 376 1915 decis,
399 1835 453 1916 qni
475 1813 729 1918 inspectantibus
745 1833 933 1917 quibusdam
956 1834 1041 1897 omni
1056 1833 1259 1898 contentione
1279 1831 1366 1896 labo·

263 1952 349 2025 rant,
382 1954 417 2007 ut
438 1943 521 2007 Mac.
544 1944 586 2008 ΙΙ.
609 1942 650 2005 bb
671 1943 781 2010 docet:
817 1941 864 2004 ἐπὶ
889 1946 946 2004 τῶν
974 1941 1177 2024 εὐτονωτέρας
1210 1941 1257 2003 διά
1290 1962 1367 2007 τινας

264 2048 409 2136 παρόντας
431 2050 641 2135 ἐργαζομένων,
673 2051 726 2117 vel
745 2061 781 2116 ut
802 2052 920 2116 Zenob.
943 2052 985 2132 ΙΙ,
1010 2050 1062 2115 1οε
1096 2050 1142 2113 ἐπὶ
1163 2054 1223 2114 τῶν
1245 2050 1296 2133 τὴν
1319 2048 1366 2111 ἀν·

264 2161 360 2245 δρείαν
384 2144 632 2244 ἐπιδεικνυμένων.
1023 2160 1025 2165 ’

306 2256 309 2263 ’
365 2266 517 2363 Quamvis
539 2291 602 2334 non
623 2270 663 2333 ad
680 2268 920 2334 Atheniensium
943 2290 1057 2353 mores,
1079 2264 1137 2334 sed
1159 2268 1201 2332 ad
1222 2275 1367 2333 naturam

263 2378 352 2445 urbis
370 2380 579 2471 'Athenarum
613 2386 739 2463 spectet
770 2380 903 2461 locutio,
936 2369 1018 2462 quae
1052 2386 1101 2443 est
1132 2368 1184 2444 εἰς
1209 2372 1367 2461 Ἀθήνας

263 2490 424 2571 γλαῦκος
446 2485 582 2572 φέρειν,
606 2495 712 2553 τουτου
729 2489 799 2572 jam
813 2490 874 2553 hoc
888 2489 962 2553 loco
978 2478 1192 2552 disserere'de
1207 2506 1246 2551 ea
1259 2486 1365 2550 liceat.

262 2599 385 2663 Mentio
408 2596 445 2661 fit
465 2596 559 2680 hujus
579 2597 751 2662 locutionis
774 2599 807 2661 in
827 2619 877 2661 av.
893 2596 963 2677 301,
985 2596 1040 2661 ubi
1063 2596 1260 2677 scholiastae,
1285 2592 1367 2678 quae

264 2709 313 2771 vis
336 2708 367 2771 ei
389 2707 536 2790 subjecta
566 2707 622 2783 sit,
656 2707 703 2771 sic
731 2706 837 2771 docet:
871 2705 1007 2789 nepopis
1030 2704 1103 2767 ἐστὶν
1124 2704 1170 2767 ἐπὶ
1192 2708 1250 2766 τῶν
1272 2704 1366 2787 μάτην

264 2813 499 2898 ἐπισωρευόντων
521 2814 582 2877 τινὰ
604 2815 676 2899 (ui)
710 2816 756 2878 ἐπὶ
785 2819 841 2883 τοῖς
863 2816 1111 2901 προϋπάρχουσα,
1145 2813 1205 2876 οἷον
1228 2810 1314 2881 εἴτις
1337 2810 1366 2873 έν

263 2908 402 3007 Αἰγύπτῳ
424 2925 501 2986 σῖτον
523 2924 666 3008 ἐπαγάγῃ,
688 2922 706 3007 ἢ
723 2923 752 2986 ἐν
768 2920 880 3008 Κιλικία
896 2921 1007 3008 κρέκον.
1041 2924 1156 2988 Melius
1170 2919 1365 3007 Hesychius:

263 3034 400 3117 παροιμία
422 3036 479 3125 τῶν
500 3034 594 3116 μάτην
613 3057 639 3095 τι
660 3032 859 3117 πρασσόντων,
889 3033 988 3116 ὥσπερ
1019 3031 1048 3095 εἴ
1065 3055 1105 3100 τις
1125 3035 1255 3114 γλαῦκας
1270 3027 1365 3115 Ἀθη·

262 3146 332 3215 ναζε
354 3141 434 3224 ἄγοι·
467 3122 631 3226 πληθύουσι
656 3142 711 3226 γὰρ
742 3142 869 3205 ἐνταῦθα
893 3144 1025 3224 γλαῦκες.
1083 3141 1203 3206 uadem
1235 3146 1368 3204 narrant

263 3252 361 3336 Sunt,
383 3252 477 3334 Diog.
499 3253 540 3315 V.
563 3251 603 3331 II,
628 3250 675 3332 13,
699 3251 815 3325 Zenob.
839 3252 898 3333 ΙΙΙ,
921 3251 949 3313 6.

362 3361 435 3424 Hae
468 3366 540 3423 sunt
573 3361 764 3440 sententiae,
800 3380 881 3444 quae
908 3360 948 3423 de
971 3357 1217 3422 Atheniensibus
1239 3358 1272 3420 in
1294 3377 1365 3441 pro·

262 3465 375 3535 uerbii
400 3466 660 3532 consuetudinem
694 3451 856 3542 abierunt,
891 3456 1045 3551 ‹puatenus
1077 3487 1117 3532 ex
1138 3465 1365 3550 Aristophanis

264 3577 440 3644 comoediis
463 3577 649 3663 perspicere
670 3562 847 3660 possumus.
904 3591 906 3595 ’

361 3687 411 3752 De
425 3669 688 3751 Lacedaemoniis
703 3686 809 3750 inusu
824 3690 894 3750 erat
908 3686 1121 3770 proverbium,
1142 3687 1228 3770 quod
1241 3686 1364 3758 Aristo-

260 3797 383 3882 phanes
404 3797 438 3860 in
459 3816 531 3882 pac.
556 3793 721 3858 1188-90
743 3803 981 3863 commemorat:

593 3931 779 4015 πολλὰγὰρ
801 3933 840 4016 δη
861 3931 889 4016 μ’
911 3924 1051 4015 ἠδίκησαν
1087 3960 1092 3968 ·

594 4037 675 4110 ὄντες
696 4038 767 4103 οίκοι
788 4040 840 4124 μὲν
864 4039 979 4108 λέοντες
1064 4062 1067 4069 ’

594 4148 624 4211 ἐν
645 4151 729 4233 μάχη
751 4149 777 4212 δ’
799 4149 960 4216 ἀλώπεκες.
1008 4130 1017 4143 Ι

360 4290 480 4371 Quodsi
509 4290 551 4356 ad
574 4292 654 4357 haec
676 4294 776 4357 verba
804 4290 997 4377 explicanda
1023 4290 1212 4355 scholiastes
1230 4280 1361 4354 'narrab

259 4399 397 4484 παροιμία
419 4394 496 4484 παρὰ
512 4399 580 4470 τοὺς
602 4398 632 4462 ἐν
650 4396 743 4484 Ἀσίᾳ.
754 4400 893 4470 Λάκωνας
908 4399 1120 4485 άτυχήσαντας
1131 4397 1228 4484 „oinos
1236 4386 1361 4483 λέοντες,
