3100 4974
294 431 419 517 τρίχας
445 430 502 494 καὶ
528 412 675 515 aa'puth,
700 428 792 514 quam
815 431 980 503 formulam
1003 402 1235 515 hciltd'phaues
1261 431 1294 496 in

194 564 242 607 av.
261 539 399 605 901-2:
425 540 461 603 τὰ
482 539 537 624 γὰρ
560 537 689 623 παρόντα
713 539 817 622 θύματ’
840 539 924 602 οὐδὲν
947 538 1022 602 ἄλλο
1044 542 1120 624 πλὴν
1141 539 1249 621 γένειον
1272 543 1295 604 τ’

193 651 253 714 ἐστι
274 650 320 712 καὶ
341 649 462 734 κέρατα,
498 649 619 732 attigit,
647 658 683 714 ut
704 648 892 714 scholiastes
916 648 1018 714 docet.
1063 648 1217 727 Similiter
1237 670 1295 715 nos

194 760 327 823 dicimus
353 759 458 839 ,Haut
479 758 544 822 und
565 758 751 824 Kuochen“.
796 756 836 822 cl.
859 758 961 822 Plaut.
986 758 1047 824 aul.
1070 755 1184 839 3,6‚28:
1221 777 1295 823 ossa

196 854 292 954 atque
314 869 410 952 pellis
434 873 520 931 totus
541 873 598 932 est.

292 977 382 1041 Haec
414 976 524 1057 habui,
558 996 638 1060 quae
669 974 708 1039 de
741 974 923 1058 proverbiis
949 975 1227 1058 locutionibusque
1255 996 1295 1040 ex

193 1107 252 1150 usu
286 1086 379 1151 vitae
414 1086 587 1150 communis
619 1085 729 1170 petitis
762 1083 846 1169 apud
868 1083 1114 1166 Aristophanem
1141 1084 1295 1149 comicum

194 1196 393 1261 dissererem.

292 1304 459 1368 Postremo
482 1302 656 1387 perpaucis
679 1301 694 1365 f
699 1321 842 1383 ormam
864 1301 1106 1384 proverbiorum
1128 1300 1294 1384 attingam.

94 1486 96 1490 μ
191 1411 294 1479 Nemo
316 1413 393 1493 erit,
422 1412 475 1496 qui
497 1432 560 1477 non
581 1411 714 1490 viderit,
746 1409 904 1495 permulta
925 1409 1099 1493 proverbia
1120 1409 1153 1474 in
1176 1417 1295 1475 certam

192 1542 263 1588 esse
284 1522 415 1587 redacta
436 1519 578 1584 formam.
628 1518 838 1595 Quadecausa
871 1518 1084 1601 quaerendum
1116 1524 1180 1599 est,
1214 1539 1296 1602 quae

194 1632 367 1717 proverbia
388 1629 577 1712 rythmicum
593 1634 710 1693 motum
726 1627 875 1708 referant,
899 1647 981 1710 quae
995 1647 1068 1692 nou.
1106 1629 1212 1711 Atque
1226 1650 1296 1714 per-

192 1741 290 1805 multa
311 1738 396 1823 apud
418 1736 562 1801 Graecos
583 1737 757 1821 proverbia
780 1735 892 1816 fuisse,
927 1756 1009 1820 quae
1041 1736 1146 1800 soluta
1180 1744 1295 1820 essent,

189 1850 256 1934 jam
278 1869 318 1913 eo
335 1847 494 1927 docemur,
517 1847 602 1930 quod
624 1846 794 1911 memoriae
808 1844 958 1910 traditum
976 1851 1033 1927 est,
1049 1847 1295 1931 Aristophanem

191 1959 279 2040 Byr,
301 1963 336 2020 ut
352 1955 420 2039 jam
443 1976 540 2040 supra
560 1955 821 2035 commemoravi,
844 1954 923 2019 duos
943 1954 1043 2019 libros
1064 1958 1122 2017 τῶν
1145 1953 1295 2040 ἐμμέτρων

193 2070 225 2129 et
247 2072 397 2149 quattuor
418 2068 475 2126 τῶν
498 2062 631 2147 ἀμέτρων
654 2064 834 2149 scripsisse.
874 2062 994 2141 Quodsi
1017 2064 1183 2148 Bergkius,
1207 2065 1296 2147 (Lit-

193 2173 310 2239 Gesch.
333 2195 364 2257 p.
387 2171 462 2255 366)
496 2194 535 2239 ea
562 2194 602 2240 ex
629 2174 826 2257 recolligit,
860 2195 1020 2239 numerum
1053 2174 1295 2257 proverbiorum

40 2292 44 2301 '
93 2301 96 2305 ’
193 2283 367 2347 solutorum
389 2284 489 2348 multo
511 2283 663 2367 majorem
686 2282 784 2348 luisse
807 2306 900 2368 quam
923 2305 1044 2366 eorum,
1078 2303 1160 2366 quae
1186 2285 1295 2348 metris

194 2391 350 2457 adstricta
382 2400 503 2474 essent,
536 2382 673 2457 nondum
691 2393 831 2477 judicari
857 2399 979 2479 potest,
1012 2398 1114 2457 utrum
1136 2392 1295 2477 Bergkius

186 2490 282 2565 'recte
305 2500 475 2585 collegerit
496 2522 605 2567 necue.
648 2502 719 2581 Qua
740 2503 780 2568 de
801 2525 836 2568 re
858 2512 922 2568 tum
945 2502 1081 2567 fortasse
1107 2509 1196 2567 recte
1213 2500 1295 2585 judi·

192 2611 260 2674 cari
282 2611 416 2695 poterit,
451 2632 521 2675 oum
544 2611 583 2676 de
606 2612 751 2676 omnibus
781 2612 961 2703 proverbiis
984 2611 1119 2676 Graecis
1138 2610 1295 2695 disputari

144 2751 146 2753 ·
192 2720 320 2803 poterit.
365 2719 551 2802 Quanquam
578 2720 653 2783 mihi
677 2719 803 2803 quidem
826 2719 997 2784 verisimile
1026 2725 1088 2800 est,
1121 2719 1295 2804 proverbia

192 2827 347 2892 adstricta
379 2831 488 2894 metris
521 2828 643 2911 majore
671 2827 703 2891 in
732 2847 862 2893 numero
884 2826 984 2894 fuisse
1007 2849 1100 2912 quam
1122 2827 1295 2912 proverbia

195 2936 314 3020 soluta,
338 2937 454 3020 quain
476 2957 512 3001 re
535 2937 772 3021 comprobanda
793 2936 871 3000 mihi
890 2937 1049 3019 videntur,
1071 2956 1154 3020 quae
1176 2937 1295 3001 Meiue·

189 3045 263 3109 hius
284 3046 317 3109 in
339 3047 493 3130 epimetro
516 3044 556 3110 de
575 3044 756 3129 proverbiis
786 3046 997 3129 paroemiacis
1027 3065 1076 3130 ap.
1101 3046 1238 3112 Theocr.
1261 3066 1293 3129 p.

119 3181 122 3189 ¹
189 3152 336 3217 454-69
350 3155 446 3219 dixit:
471 3153 635 3235 ,nimirum
650 3153 777 3236 Graeci,
799 3173 879 3238 quos
900 3155 972 3241 ipsa
994 3161 1108 3220 natura
1124 3155 1166 3219 ad
1180 3155 1294 3238 poesin

191 3261 393 3345 formaverat,
417 3284 487 3329 cum
509 3264 652 3329 omnibus
675 3283 758 3347 quae
777 3272 910 3347 agerent
925 3264 1109 3329 dicerentve
1130 3264 1293 3349 poeticum

190 3373 346 3456 quendam
367 3372 508 3439 habitum
535 3372 718 3456 induerunt,
752 3374 847 3438 etiam
880 3374 1122 3458 proverbiorum
1148 3373 1294 3440 lubenter

190 3483 300 3548 causi
322 3491 395 3547 sunt
417 3483 533 3567 specie,
557 3502 639 3566 quae
658 3483 853 3578 'rythmicum
880 3493 997 3548 motum
1019 3483 1182 3548 referret“
1220 3483 1293 3547 Jam

99 3593 103 3599 ’
189 3590 230 3656 de
252 3591 354 3656 forma
376 3592 617 3676 proverbiorum
644 3593 919 3677 locutionumque,
955 3613 1037 3676 quae
1064 3591 1150 3676 apud
1172 3592 1294 3657 Aristo·

188 3700 325 3785 phanem
347 3701 501 3765 comicum
524 3701 732 3783 inveniantur,
755 3702 937 3766 accuratius
954 3702 1120 3783 disserere,
1142 3701 1204 3766 hoc
1219 3707 1293 3766 tem·

187 3830 266 3895 pore
289 3830 391 3893 neque
413 3823 521 3895 aptum
551 3819 653 3892 neque
680 3811 758 3876 utile
784 3811 911 3896 putavi,
944 3809 1030 3894 quod
1063 3829 1134 3874 mea
1167 3810 1294 3892 quidem

189 3920 350 3985 sententia
370 3940 409 3985 ea
424 3919 464 3985 de
483 3940 519 3985 re
540 3926 605 3984 tum
629 3920 753 3985 demum
774 3927 925 3986 accurate
947 3920 1062 3984 disseri
1084 3925 1200 4004 potest,
1223 3938 1294 3983 cum

188 4028 292 4095 omnia
315 4047 354 4094 ex
370 4029 513 4093 omnibus
529 4029 740 4114 scriptoribus
755 4030 928 4114 proverbia
943 4028 1082 4094 collecta
1095 4029 1292 4095 habebimus.

187 4138 260 4204 Hoc
281 4135 355 4203 loco
377 4138 409 4202 id
431 4144 552 4202 tantum
577 4141 839 4221 commemorabo,
861 4139 1033 4205 formarum
1050 4137 1293 4203 usitatissimam

187 4268 260 4314 esse
280 4246 385 4314 videri
407 4248 660 4332 anapaesticam3
694 4268 776 4331 quae
802 4249 905 4334 ipsam
926 4250 968 4313 ob
993 4268 1129 4328 causam,
1153 4243 1239 4330 quod
1260 4248 1293 4312 in

187 4355 314 4440 adagiis
335 4376 494 4442 persaepe
515 4357 635 4422 usitata
657 4364 720 4441 est,
747 4358 953 4442 paroemiaca
975 4357 1138 4444 appellata
1161 4365 1224 4441 est,
1259 4364 1295 4424 ut
