<?xml version="1.0" encoding="UTF-8"?>
<!DOCTYPE html PUBLIC "-//W3C//DTD XHTML 1.0 Transitional//EN"
    "http://www.w3.org/TR/xhtml1/DTD/xhtml1-transitional.dtd">
<html xmlns="http://www.w3.org/1999/xhtml" xml:lang="en" lang="en">
 <head>
  <title>
</title>
<meta http-equiv="Content-Type" content="text/html;charset=utf-8" />
  <meta name='ocr-system' content='tesseract 3.04.00' />
  <meta name='ocr-capabilities' content='ocr_page ocr_carea ocr_par ocr_line ocrx_word'/>
</head>
<body>
  <div class='ocr_page' id='page_1' title='image "./deproverbiisali01baucgoog_0047.png"; bbox 0 0 3100 4974; ppageno 0'>
   <div class='ocr_carea' id='block_1_1' title="bbox 789 347 829 409">
    <p class='ocr_par' dir='ltr' id='par_1_1' title="bbox 789 347 829 409">
     <span class='ocr_line' id='line_1_1' title="bbox 789 347 829 409; baseline 0 0"><span class='ocrx_word' id='word_1_1' title='bbox 789 347 829 409; x_wconf 84' lang='lat'>38</span> 
     </span>
    </p>
   </div>
   <div class='ocr_carea' id='block_1_2' title="bbox 714 435 914 444">
    <p class='ocr_par' dir='ltr' id='par_1_2' title="bbox 714 435 914 444">
     <span class='ocr_line' id='line_1_2' title="bbox 714 435 914 444; baseline -0.01 0"><span class='ocrx_word' id='word_1_2' title='bbox 714 435 914 444; x_wconf 43' lang='lat' dir='ltr'>affl</span> 
     </span>
    </p>
   </div>
   <div class='ocr_carea' id='block_1_3' title="bbox 262 542 1366 1391">
    <p class='ocr_par' dir='ltr' id='par_1_3' title="bbox 263 542 1366 1175">
     <span class='ocr_line' id='line_1_3' title="bbox 264 542 1362 633; baseline -0.005 -21"><span class='ocrx_word' id='word_1_3' title='bbox 264 549 385 612; x_wconf 80' lang='lat' dir='ltr'>Auctor</span> <span class='ocrx_word' id='word_1_4' title='bbox 405 555 455 612; x_wconf 83' lang='lat' dir='ltr'>est</span> <span class='ocrx_word' id='word_1_5' title='bbox 469 547 614 628; x_wconf 72' lang='lat' dir='ltr'>Vossius</span> <span class='ocrx_word' id='word_1_6' title='bbox 637 548 823 632; x_wconf 77' lang='lat' dir='ltr'>Aristyllum</span> <span class='ocrx_word' id='word_1_7' title='bbox 840 547 1005 632; x_wconf 83' lang='lat' dir='ltr'>quendam,</span> <span class='ocrx_word' id='word_1_8' title='bbox 1029 549 1120 631; x_wconf 90' lang='lat' dir='ltr'>cujus</span> <span class='ocrx_word' id='word_1_9' title='bbox 1143 547 1175 610; x_wconf 91' lang='lat' dir='ltr'>in</span> <span class='ocrx_word' id='word_1_10' title='bbox 1197 568 1287 631; x_wconf 84' lang='lat' dir='ltr'>vesp.</span> <span class='ocrx_word' id='word_1_11' title='bbox 1304 542 1362 633; x_wconf 70' lang='lat'>647</span> 
     </span>
     <span class='ocr_line' id='line_1_4' title="bbox 263 655 1364 747; baseline -0.001 -28"><span class='ocrx_word' id='word_1_12' title='bbox 263 657 381 747; x_wconf 84' lang='lat' dir='ltr'>mentio</span> <span class='ocrx_word' id='word_1_13' title='bbox 414 655 460 736; x_wconf 78' lang='lat' dir='ltr'>fit,</span> <span class='ocrx_word' id='word_1_14' title='bbox 494 656 605 721; x_wconf 86' lang='lat' dir='ltr'>eodem</span> <span class='ocrx_word' id='word_1_15' title='bbox 634 658 712 721; x_wconf 82' lang='lat' dir='ltr'>uitio</span> <span class='ocrx_word' id='word_1_16' title='bbox 742 656 841 721; x_wconf 90' lang='lat' dir='ltr'>fuisso</span> <span class='ocrx_word' id='word_1_17' title='bbox 867 658 1022 722; x_wconf 77' lang='lat' dir='ltr'>affectum.</span> <span class='ocrx_word' id='word_1_18' title='bbox 1067 656 1172 721; x_wconf 78' lang='lat' dir='ltr'>lltiom</span> <span class='ocrx_word' id='word_1_19' title='bbox 1194 656 1226 719; x_wconf 91' lang='lat' dir='ltr'>in</span> <span class='ocrx_word' id='word_1_20' title='bbox 1249 656 1364 720; x_wconf 83' lang='lat' dir='ltr'>eccles.</span> 
     </span>
     <span class='ocr_line' id='line_1_5' title="bbox 263 762 1366 852; baseline 0.002 -27"><span class='ocrx_word' id='word_1_21' title='bbox 263 762 337 846; x_wconf 83' lang='lat'>920,</span> <span class='ocrx_word' id='word_1_22' title='bbox 368 765 423 828; x_wconf 87' lang='lat' dir='ltr'>ubi</span> <span class='ocrx_word' id='word_1_23' title='bbox 445 785 524 829; x_wconf 84' lang='lat' dir='ltr'>anus</span> <span class='ocrx_word' id='word_1_24' title='bbox 545 764 706 829; x_wconf 86' lang='lat' dir='ltr'>invidiosa</span> <span class='ocrx_word' id='word_1_25' title='bbox 727 766 853 849; x_wconf 85' lang='lat' dir='ltr'>puellae</span> <span class='ocrx_word' id='word_1_26' title='bbox 877 766 1170 852; x_wconf 33' lang='lat' dir='ltr'>maledicio-„quae</span> <span class='ocrx_word' id='word_1_27' title='bbox 1192 771 1366 829; x_wconf 80' lang='lat' dir='ltr'>amatorem</span> 
     </span>
     <span class='ocr_line' id='line_1_6' title="bbox 263 872 1366 960; baseline 0 -22"><span class='ocrx_word' id='word_1_28' title='bbox 263 880 439 959; x_wconf 78' lang='lat' dir='ltr'>exspectat,</span> <span class='ocrx_word' id='word_1_29' title='bbox 461 872 502 937; x_wconf 87' lang='lat' dir='ltr'>ad</span> <span class='ocrx_word' id='word_1_30' title='bbox 524 873 584 936; x_wconf 91' lang='lat' dir='ltr'>hoc</span> <span class='ocrx_word' id='word_1_31' title='bbox 608 874 718 937; x_wconf 77' lang='lat' dir='ltr'>vitium</span> <span class='ocrx_word' id='word_1_32' title='bbox 741 883 905 960; x_wconf 83' lang='lat' dir='ltr'>spectatur</span> <span class='ocrx_word' id='word_1_33' title='bbox 926 876 1035 939; x_wconf 84' lang='lat' dir='ltr'>verbis</span> <span class='ocrx_word' id='word_1_34' title='bbox 1058 895 1140 958; x_wconf 88' lang='lat' dir='ltr'>quae</span> <span class='ocrx_word' id='word_1_35' title='bbox 1159 881 1245 938; x_wconf 83' lang='lat' dir='ltr'>sunt:</span> <span class='ocrx_word' id='word_1_36' title='bbox 1272 874 1366 939; x_wconf 76' lang='grc' dir='ltr'>δοκεῖς</span> 
     </span>
     <span class='ocr_line' id='line_1_7' title="bbox 263 980 1364 1069; baseline 0 -25"><span class='ocrx_word' id='word_1_37' title='bbox 263 981 297 1044; x_wconf 91' lang='grc' dir='ltr'>δέ</span> <span class='ocrx_word' id='word_1_38' title='bbox 319 1005 367 1065; x_wconf 87' lang='grc' dir='ltr'>μοι</span> <span class='ocrx_word' id='word_1_39' title='bbox 389 982 435 1043; x_wconf 86' lang='grc' dir='ltr'>καὶ</span> <span class='ocrx_word' id='word_1_40' title='bbox 458 982 555 1067; x_wconf 80' lang='grc' dir='ltr'>λάβδα</span> <span class='ocrx_word' id='word_1_41' title='bbox 577 980 652 1044; x_wconf 77' lang='grc' dir='ltr'>κατὰ</span> <span class='ocrx_word' id='word_1_42' title='bbox 674 981 741 1051; x_wconf 82' lang='grc' dir='ltr'>τοὺς</span> <span class='ocrx_word' id='word_1_43' title='bbox 758 984 905 1069; x_wconf 78' lang='grc' dir='ltr'>Λεσβίους.</span> <span class='ocrx_word' id='word_1_44' title='bbox 950 983 1019 1063; x_wconf 83' lang='lat' dir='ltr'>Qua</span> <span class='ocrx_word' id='word_1_45' title='bbox 1042 983 1082 1048; x_wconf 87' lang='lat' dir='ltr'>de</span> <span class='ocrx_word' id='word_1_46' title='bbox 1103 1004 1139 1048; x_wconf 91' lang='lat' dir='ltr'>re</span> <span class='ocrx_word' id='word_1_47' title='bbox 1161 985 1301 1047; x_wconf 86' lang='lat' dir='ltr'>obscena</span> <span class='ocrx_word' id='word_1_48' title='bbox 1324 981 1364 1045; x_wconf 87' lang='lat' dir='ltr'>cf.</span> 
     </span>
     <span class='ocr_line' id='line_1_8' title="bbox 263 1090 863 1175; baseline 0 -21"><span class='ocrx_word' id='word_1_49' title='bbox 263 1090 362 1155; x_wconf 88' lang='lat' dir='ltr'>schol.</span> <span class='ocrx_word' id='word_1_50' title='bbox 385 1090 415 1152; x_wconf 91' lang='lat' dir='ltr'>h.</span> <span class='ocrx_word' id='word_1_51' title='bbox 437 1090 458 1154; x_wconf 92' lang='lat' dir='ltr'>l.</span> <span class='ocrx_word' id='word_1_52' title='bbox 482 1096 515 1155; x_wconf 77' lang='lat' dir='ltr'>ot</span> <span class='ocrx_word' id='word_1_53' title='bbox 535 1091 619 1175; x_wconf 88' lang='lat' dir='ltr'><strong>App.</strong></span> <span class='ocrx_word' id='word_1_54' title='bbox 642 1093 712 1173; x_wconf 88' lang='lat' dir='ltr'><strong>prb.</strong></span> <span class='ocrx_word' id='word_1_55' title='bbox 733 1091 791 1172; x_wconf 87' lang='lat' dir='ltr'>IV,</span> <span class='ocrx_word' id='word_1_56' title='bbox 813 1090 863 1154; x_wconf 82' lang='lat'>73.</span> 
     </span>
    </p>

    <p class='ocr_par' dir='ltr' id='par_1_4' title="bbox 262 1191 1365 1391">
     <span class='ocr_line' id='line_1_9' title="bbox 271 1191 1365 1283; baseline 0.003 -23"><span class='ocrx_word' id='word_1_57' title='bbox 271 1206 274 1211; x_wconf 90' lang='lat'>&#39;</span> <span class='ocrx_word' id='word_1_58' title='bbox 348 1191 415 1261; x_wconf 72' lang='lat' dir='ltr'>*Ad</span> <span class='ocrx_word' id='word_1_59' title='bbox 443 1197 640 1262; x_wconf 86' lang='lat' dir='ltr'>Milesiorum</span> <span class='ocrx_word' id='word_1_60' title='bbox 668 1217 771 1262; x_wconf 87' lang='lat' dir='ltr'>mores</span> <span class='ocrx_word' id='word_1_61' title='bbox 804 1209 972 1278; x_wconf 82' lang='lat' dir='ltr'>corruptos</span> <span class='ocrx_word' id='word_1_62' title='bbox 1005 1200 1181 1282; x_wconf 79' lang='lat' dir='ltr'>pertinent,</span> <span class='ocrx_word' id='word_1_63' title='bbox 1217 1208 1314 1283; x_wconf 85' lang='lat' dir='ltr'>quae</span> <span class='ocrx_word' id='word_1_64' title='bbox 1334 1200 1365 1263; x_wconf 91' lang='lat' dir='ltr'>in</span> 
     </span>
     <span class='ocr_line' id='line_1_10' title="bbox 262 1303 990 1391; baseline -0.01 -20"><span class='ocrx_word' id='word_1_65' title='bbox 262 1306 337 1391; x_wconf 83' lang='lat' dir='ltr'>Lys</span> <span class='ocrx_word' id='word_1_66' title='bbox 363 1303 528 1368; x_wconf 83' lang='lat'>107-110</span> <span class='ocrx_word' id='word_1_67' title='bbox 549 1326 569 1368; x_wconf 86' lang='lat' dir='ltr'>a</span> <span class='ocrx_word' id='word_1_68' title='bbox 587 1304 771 1368; x_wconf 87' lang='lat' dir='ltr'>mulieribus</span> <span class='ocrx_word' id='word_1_69' title='bbox 794 1304 882 1367; x_wconf 80' lang='lat' dir='ltr'>dicta</span> <span class='ocrx_word' id='word_1_70' title='bbox 903 1312 990 1367; x_wconf 85' lang='lat' dir='ltr'>sunt:</span> 
     </span>
    </p>
   </div>
   <div class='ocr_carea' id='block_1_4' title="bbox 329 1433 1190 1847">
    <p class='ocr_par' dir='ltr' id='par_1_5' title="bbox 329 1433 1190 1629">
     <span class='ocr_line' id='line_1_11' title="bbox 411 1433 1190 1521; baseline -0.004 -21"><span class='ocrx_word' id='word_1_71' title='bbox 411 1437 477 1500; x_wconf 83' lang='grc' dir='ltr'>ἀλλ’</span> <span class='ocrx_word' id='word_1_72' title='bbox 500 1436 571 1500; x_wconf 85' lang='grc' dir='ltr'>οῦδὲ</span> <span class='ocrx_word' id='word_1_73' title='bbox 594 1440 697 1521; x_wconf 82' lang='grc' dir='ltr'>μοιχοῦ</span> <span class='ocrx_word' id='word_1_74' title='bbox 719 1433 941 1498; x_wconf 80' lang='grc' dir='ltr'>καταλέλειπται</span> <span class='ocrx_word' id='word_1_75' title='bbox 963 1435 1105 1520; x_wconf 73' lang='grc' dir='ltr'>φεψάλυξ,</span> <span class='ocrx_word' id='word_1_76' title='bbox 1188 1452 1190 1456; x_wconf 71' lang='grc'><strong>“</strong></span> 
     </span>
     <span class='ocr_line' id='line_1_12' title="bbox 329 1541 1010 1629; baseline -0.004 -21"><span class='ocrx_word' id='word_1_77' title='bbox 329 1588 332 1591; x_wconf 97' lang='grc'>-</span> <span class='ocrx_word' id='word_1_78' title='bbox 413 1544 442 1615; x_wconf 76' lang='grc' dir='ltr'>ἐξ</span> <span class='ocrx_word' id='word_1_79' title='bbox 465 1543 499 1608; x_wconf 81' lang='grc' dir='ltr'>οὔ</span> <span class='ocrx_word' id='word_1_80' title='bbox 515 1545 571 1629; x_wconf 78' lang='grc' dir='ltr'>γὰρ</span> <span class='ocrx_word' id='word_1_81' title='bbox 594 1546 671 1628; x_wconf 73' lang='grc' dir='ltr'>ἡμᾶς</span> <span class='ocrx_word' id='word_1_82' title='bbox 692 1543 857 1629; x_wconf 76' lang='grc' dir='ltr'>προῦδοσαν</span> <span class='ocrx_word' id='word_1_83' title='bbox 873 1541 1010 1629; x_wconf 85' lang='grc' dir='ltr'>Μιλήσιοι</span> 
     </span>
    </p>

    <p class='ocr_par' dir='ltr' id='par_1_6' title="bbox 412 1651 1036 1739">
     <span class='ocr_line' id='line_1_13' title="bbox 412 1651 1036 1739; baseline -0.003 -23"><span class='ocrx_word' id='word_1_84' title='bbox 412 1653 466 1717; x_wconf 89' lang='grc' dir='ltr'>οῦκ</span> <span class='ocrx_word' id='word_1_85' title='bbox 487 1652 563 1717; x_wconf 81' lang='grc' dir='ltr'>εἶδον</span> <span class='ocrx_word' id='word_1_86' title='bbox 586 1654 647 1717; x_wconf 84' lang='grc' dir='ltr'>οὐδ’</span> <span class='ocrx_word' id='word_1_87' title='bbox 671 1651 787 1739; x_wconf 85' lang='grc' dir='ltr'>ὄλισβον</span> <span class='ocrx_word' id='word_1_88' title='bbox 813 1652 1036 1716; x_wconf 76' lang='grc' dir='ltr'>ὀκτωδάκτυλον</span> 
     </span>
    </p>

    <p class='ocr_par' dir='ltr' id='par_1_7' title="bbox 414 1758 1030 1847">
     <span class='ocr_line' id='line_1_14' title="bbox 414 1758 1030 1847; baseline -0.003 -22"><span class='ocrx_word' id='word_1_89' title='bbox 414 1762 502 1847; x_wconf 12' lang='grc' dir='ltr'>ὃςᾼῆν</span> <span class='ocrx_word' id='word_1_90' title='bbox 523 1760 557 1825; x_wconf 77' lang='grc' dir='ltr'>ἄν</span> <span class='ocrx_word' id='word_1_91' title='bbox 580 1764 647 1846; x_wconf 74' lang='grc' dir='ltr'>ἡμῖν</span> <span class='ocrx_word' id='word_1_92' title='bbox 670 1761 816 1847; x_wconf 76' lang='grc' dir='ltr'>σκυτίνη</span> <span class='ocrx_word' id='word_1_93' title='bbox 835 1758 1030 1844; x_wconf 77' lang='grc' dir='ltr'>’πικουρία,</span> 
     </span>
    </p>
   </div>
   <div class='ocr_carea' id='block_1_5' title="bbox 263 1890 1368 4291">
    <p class='ocr_par' dir='ltr' id='par_1_8' title="bbox 263 1890 1368 2630">
     <span class='ocr_line' id='line_1_15' title="bbox 264 1890 1366 1981; baseline -0.001 -21"><span class='ocrx_word' id='word_1_94' title='bbox 264 1897 377 1980; x_wconf 91' lang='lat' dir='ltr'>quibus</span> <span class='ocrx_word' id='word_1_95' title='bbox 400 1899 507 1962; x_wconf 87' lang='lat' dir='ltr'>verbis</span> <span class='ocrx_word' id='word_1_96' title='bbox 530 1897 618 1961; x_wconf 86' lang='lat' dir='ltr'>aliud</span> <span class='ocrx_word' id='word_1_97' title='bbox 640 1898 750 1961; x_wconf 87' lang='lat' dir='ltr'>vitium</span> <span class='ocrx_word' id='word_1_98' title='bbox 774 1890 1006 1981; x_wconf 86' lang='lat' dir='ltr'>cognoscimus,</span> <span class='ocrx_word' id='word_1_99' title='bbox 1035 1896 1086 1960; x_wconf 91' lang='lat' dir='ltr'>cui</span> <span class='ocrx_word' id='word_1_100' title='bbox 1109 1895 1258 1960; x_wconf 89' lang='lat' dir='ltr'>mulieres</span> <span class='ocrx_word' id='word_1_101' title='bbox 1280 1896 1366 1960; x_wconf 87' lang='lat' dir='ltr'>dedi·</span> 
     </span>
     <span class='ocr_line' id='line_1_16' title="bbox 264 2004 1367 2090; baseline -0.007 -21"><span class='ocrx_word' id='word_1_102' title='bbox 264 2014 317 2071; x_wconf 85' lang='lat' dir='ltr'>tae</span> <span class='ocrx_word' id='word_1_103' title='bbox 340 2013 431 2070; x_wconf 84' lang='lat' dir='ltr'>erant</span> <span class='ocrx_word' id='word_1_104' title='bbox 452 2014 485 2071; x_wconf 84' lang='lat' dir='ltr'>et</span> <span class='ocrx_word' id='word_1_105' title='bbox 507 2007 592 2090; x_wconf 89' lang='lat' dir='ltr'>quod</span> <span class='ocrx_word' id='word_1_106' title='bbox 614 2006 717 2070; x_wconf 80' lang='lat' dir='ltr'>Mileti</span> <span class='ocrx_word' id='word_1_107' title='bbox 739 2005 894 2088; x_wconf 84' lang='lat' dir='ltr'>imprimis</span> <span class='ocrx_word' id='word_1_108' title='bbox 916 2005 1060 2088; x_wconf 83' lang='lat' dir='ltr'>viguisse</span> <span class='ocrx_word' id='word_1_109' title='bbox 1076 2004 1212 2069; x_wconf 82' lang='lat' dir='ltr'>videtur.</span> <span class='ocrx_word' id='word_1_110' title='bbox 1257 2005 1367 2069; x_wconf 87' lang='lat' dir='ltr'>Verba.</span> 
     </span>
     <span class='ocr_line' id='line_1_17' title="bbox 264 2108 1365 2199; baseline -0.002 -23"><span class='ocrx_word' id='word_1_111' title='bbox 264 2113 409 2196; x_wconf 75' lang='grc' dir='ltr'>σκυτίνη</span> <span class='ocrx_word' id='word_1_112' title='bbox 431 2114 577 2198; x_wconf 73' lang='grc' dir='ltr'>ἐπικουρία</span> <span class='ocrx_word' id='word_1_113' title='bbox 600 2108 761 2199; x_wconf 78' lang='lat' dir='ltr'>pertinere</span> <span class='ocrx_word' id='word_1_114' title='bbox 783 2114 825 2177; x_wconf 89' lang='lat' dir='ltr'>ad</span> <span class='ocrx_word' id='word_1_115' title='bbox 839 2115 1042 2198; x_wconf 81' lang='lat' dir='ltr'>proverbium</span> <span class='ocrx_word' id='word_1_116' title='bbox 1065 2112 1185 2196; x_wconf 81' lang='grc' dir='ltr'>συκίνη</span> <span class='ocrx_word' id='word_1_117' title='bbox 1209 2113 1365 2195; x_wconf 74' lang='grc' dir='ltr'>ἐπικουρία,</span> 
     </span>
     <span class='ocr_line' id='line_1_18' title="bbox 264 2220 1366 2307; baseline -0.002 -20"><span class='ocrx_word' id='word_1_118' title='bbox 264 2230 377 2287; x_wconf 83' lang='lat' dir='ltr'>auctor</span> <span class='ocrx_word' id='word_1_119' title='bbox 399 2230 449 2288; x_wconf 76' lang='lat' dir='ltr'>est</span> <span class='ocrx_word' id='word_1_120' title='bbox 465 2224 673 2307; x_wconf 22' lang='lat' dir='ltr'>‘scholiastes5</span> <span class='ocrx_word' id='word_1_121' title='bbox 697 2243 807 2287; x_wconf 88' lang='lat' dir='ltr'>vocem</span> <span class='ocrx_word' id='word_1_122' title='bbox 831 2224 914 2286; x_wconf 91' lang='lat' dir='ltr'>enim</span> <span class='ocrx_word' id='word_1_123' title='bbox 936 2220 1052 2307; x_wconf 82' lang='grc' dir='ltr'>σκυτίνη</span> <span class='ocrx_word' id='word_1_124' title='bbox 1068 2243 1127 2306; x_wconf 88' lang='lat' dir='ltr'>pro</span> <span class='ocrx_word' id='word_1_125' title='bbox 1146 2221 1244 2306; x_wconf 87' lang='grc' dir='ltr'>συκίνη</span> <span class='ocrx_word' id='word_1_126' title='bbox 1268 2223 1366 2307; x_wconf 87' lang='lat' dir='ltr'>scrip·</span> 
     </span>
     <span class='ocr_line' id='line_1_19' title="bbox 263 2327 1368 2415; baseline -0.002 -18"><span class='ocrx_word' id='word_1_127' title='bbox 263 2340 327 2397; x_wconf 83' lang='lat' dir='ltr'>tam</span> <span class='ocrx_word' id='word_1_128' title='bbox 349 2352 429 2412; x_wconf 86' lang='lat' dir='ltr'>esse,</span> <span class='ocrx_word' id='word_1_129' title='bbox 452 2333 537 2414; x_wconf 90' lang='lat' dir='ltr'>quod</span> <span class='ocrx_word' id='word_1_130' title='bbox 562 2353 702 2412; x_wconf 81' lang='lat' dir='ltr'>sacres,</span> <span class='ocrx_word' id='word_1_131' title='bbox 727 2351 809 2414; x_wconf 86' lang='lat' dir='ltr'>quae</span> <span class='ocrx_word' id='word_1_132' title='bbox 831 2351 912 2395; x_wconf 86' lang='lat' dir='ltr'>voce</span> <span class='ocrx_word' id='word_1_133' title='bbox 937 2327 1047 2415; x_wconf 82' lang='grc' dir='ltr'>δ’λισβοι</span> <span class='ocrx_word' id='word_1_134' title='bbox 1069 2332 1304 2412; x_wconf 83' lang='lat' dir='ltr'>significantur,</span> <span class='ocrx_word' id='word_1_135' title='bbox 1327 2352 1368 2395; x_wconf 87' lang='lat' dir='ltr'>ex</span> 
     </span>
     <span class='ocr_line' id='line_1_20' title="bbox 264 2423 1368 2523; baseline -0.001 -18"><span class='ocrx_word' id='word_1_136' title='bbox 264 2423 353 2505; x_wconf 70' lang='lat' dir='ltr'>corio</span> <span class='ocrx_word' id='word_1_137' title='bbox 375 2439 618 2507; x_wconf 69' lang='lat' dir='ltr'>fabricarentur.</span> <span class='ocrx_word' id='word_1_138' title='bbox 663 2440 895 2520; x_wconf 71' lang='lat' dir='ltr'>Quinimmo</span> <span class='ocrx_word' id='word_1_139' title='bbox 924 2440 1100 2523; x_wconf 76' lang='lat' dir='ltr'>significet,</span> <span class='ocrx_word' id='word_1_140' title='bbox 1135 2440 1252 2504; x_wconf 73' lang='lat' dir='ltr'>uocem</span> <span class='ocrx_word' id='word_1_141' title='bbox 1278 2441 1368 2504; x_wconf 86' lang='lat' dir='ltr'>scho-</span> 
     </span>
     <span class='ocr_line' id='line_1_21' title="bbox 263 2548 1023 2630; baseline -0.001 -17"><span class='ocrx_word' id='word_1_142' title='bbox 263 2551 376 2614; x_wconf 82' lang='lat' dir='ltr'>liastes</span> <span class='ocrx_word' id='word_1_143' title='bbox 399 2556 431 2613; x_wconf 84' lang='lat' dir='ltr'>et</span> <span class='ocrx_word' id='word_1_144' title='bbox 453 2549 535 2614; x_wconf 81' lang='lat' dir='ltr'>Mac.</span> <span class='ocrx_word' id='word_1_145' title='bbox 558 2548 630 2630; x_wconf 80' lang='lat' dir='ltr'>Vll,</span> <span class='ocrx_word' id='word_1_146' title='bbox 654 2548 708 2615; x_wconf 86' lang='lat'>83:</span> <span class='ocrx_word' id='word_1_147' title='bbox 732 2549 857 2611; x_wconf 77' lang='grc' dir='ltr'>ἐπὶτῶν</span> <span class='ocrx_word' id='word_1_148' title='bbox 880 2548 1023 2613; x_wconf 72' lang='grc' dir='ltr'>ἀσθενῶν.</span> 
     </span>
    </p>

    <p class='ocr_par' dir='ltr' id='par_1_9' title="bbox 264 2657 1368 3613">
     <span class='ocr_line' id='line_1_22' title="bbox 363 2657 1365 2743; baseline -0.001 -21"><span class='ocrx_word' id='word_1_149' title='bbox 363 2659 440 2722; x_wconf 86' lang='lat' dir='ltr'>Alia</span> <span class='ocrx_word' id='word_1_150' title='bbox 462 2660 501 2723; x_wconf 88' lang='lat' dir='ltr'>de</span> <span class='ocrx_word' id='word_1_151' title='bbox 523 2659 659 2723; x_wconf 81' lang='lat' dir='ltr'>Milesiis</span> <span class='ocrx_word' id='word_1_152' title='bbox 683 2659 771 2722; x_wconf 82' lang='lat' dir='ltr'>dicta</span> <span class='ocrx_word' id='word_1_153' title='bbox 785 2658 905 2723; x_wconf 83' lang='lat' dir='ltr'>locutio</span> <span class='ocrx_word' id='word_1_154' title='bbox 919 2666 977 2722; x_wconf 83' lang='lat' dir='ltr'>est</span> <span class='ocrx_word' id='word_1_155' title='bbox 993 2659 1025 2721; x_wconf 90' lang='lat' dir='ltr'>in</span> <span class='ocrx_word' id='word_1_156' title='bbox 1038 2657 1118 2743; x_wconf 78' lang='lat' dir='ltr'>plui.</span> <span class='ocrx_word' id='word_1_157' title='bbox 1138 2657 1233 2724; x_wconf 86' lang='lat'>1033:</span> <span class='ocrx_word' id='word_1_158' title='bbox 1256 2658 1365 2721; x_wconf 85' lang='grc' dir='ltr'>πάλαι</span> 
     </span>
     <span class='ocr_line' id='line_1_23' title="bbox 265 2765 1365 2851; baseline 0.002 -23"><span class='ocrx_word' id='word_1_159' title='bbox 265 2768 345 2830; x_wconf 74' lang='grc' dir='ltr'>ποτ’</span> <span class='ocrx_word' id='word_1_160' title='bbox 372 2766 462 2851; x_wconf 77' lang='grc' dir='ltr'>ἦσαν</span> <span class='ocrx_word' id='word_1_161' title='bbox 491 2766 642 2849; x_wconf 85' lang='grc' dir='ltr'>ἄλκιμοι</span> <span class='ocrx_word' id='word_1_162' title='bbox 669 2765 853 2850; x_wconf 82' lang='grc' dir='ltr'>Μιλήσιοι,</span> <span class='ocrx_word' id='word_1_163' title='bbox 888 2787 969 2850; x_wconf 92' lang='lat' dir='ltr'>quae</span> <span class='ocrx_word' id='word_1_164' title='bbox 990 2770 1090 2832; x_wconf 83' lang='lat' dir='ltr'>verba</span> <span class='ocrx_word' id='word_1_165' title='bbox 1113 2768 1300 2832; x_wconf 82' lang='lat' dir='ltr'>adulescens</span> <span class='ocrx_word' id='word_1_166' title='bbox 1322 2767 1365 2830; x_wconf 92' lang='lat' dir='ltr'>lo·</span> 
     </span>
     <span class='ocr_line' id='line_1_24' title="bbox 266 2876 1367 2961; baseline 0.001 -22"><span class='ocrx_word' id='word_1_167' title='bbox 266 2878 380 2961; x_wconf 81' lang='lat' dir='ltr'>quitur,</span> <span class='ocrx_word' id='word_1_168' title='bbox 404 2877 488 2940; x_wconf 86' lang='lat' dir='ltr'>dona</span> <span class='ocrx_word' id='word_1_169' title='bbox 510 2878 686 2956; x_wconf 78' lang='lat' dir='ltr'>remittens,</span> <span class='ocrx_word' id='word_1_170' title='bbox 722 2897 804 2960; x_wconf 87' lang='lat' dir='ltr'>quae</span> <span class='ocrx_word' id='word_1_171' title='bbox 826 2898 904 2942; x_wconf 87' lang='lat' dir='ltr'>anus</span> <span class='ocrx_word' id='word_1_172' title='bbox 927 2877 956 2942; x_wconf 90' lang='lat' dir='ltr'>ei</span> <span class='ocrx_word' id='word_1_173' title='bbox 983 2877 1152 2941; x_wconf 83' lang='lat' dir='ltr'>obtulerat.</span> <span class='ocrx_word' id='word_1_174' title='bbox 1196 2876 1367 2959; x_wconf 80' lang='lat' dir='ltr'>Significat</span> 
     </span>
     <span class='ocr_line' id='line_1_25' title="bbox 265 2980 1367 3078; baseline 0.002 -30"><span class='ocrx_word' id='word_1_175' title='bbox 265 2985 461 3065; x_wconf 81' lang='lat' dir='ltr'>adulescens,</span> <span class='ocrx_word' id='word_1_176' title='bbox 484 3005 519 3078; x_wconf 82' lang='lat' dir='ltr'>se</span> <span class='ocrx_word' id='word_1_177' title='bbox 542 3005 643 3065; x_wconf 83' lang='lat' dir='ltr'>anum,</span> <span class='ocrx_word' id='word_1_178' title='bbox 667 2986 718 3048; x_wconf 92' lang='lat' dir='ltr'>cui</span> <span class='ocrx_word' id='word_1_179' title='bbox 740 3004 840 3066; x_wconf 88' lang='lat' dir='ltr'>usquc</span> <span class='ocrx_word' id='word_1_180' title='bbox 863 2987 903 3049; x_wconf 87' lang='lat' dir='ltr'>ad</span> <span class='ocrx_word' id='word_1_181' title='bbox 926 2980 1104 3069; x_wconf 52' lang='lat' dir='ltr'>id‘tcmpus</span> <span class='ocrx_word' id='word_1_182' title='bbox 1128 3006 1245 3051; x_wconf 91' lang='lat' dir='ltr'>morem</span> <span class='ocrx_word' id='word_1_183' title='bbox 1262 3005 1367 3068; x_wconf 86' lang='lat' dir='ltr'>gesse·</span> 
     </span>
     <span class='ocr_line' id='line_1_26' title="bbox 265 3077 1367 3178; baseline 0.001 -22"><span class='ocrx_word' id='word_1_184' title='bbox 265 3094 314 3174; x_wconf 84' lang='lat' dir='ltr'>rit,</span> <span class='ocrx_word' id='word_1_185' title='bbox 337 3114 469 3177; x_wconf 88' lang='lat' dir='ltr'>prorsus</span> <span class='ocrx_word' id='word_1_186' title='bbox 489 3077 564 3159; x_wconf 84' lang='lat' dir='ltr'>indo</span> <span class='ocrx_word' id='word_1_187' title='bbox 586 3094 804 3176; x_wconf 83' lang='lat' dir='ltr'>neglecturum</span> <span class='ocrx_word' id='word_1_188' title='bbox 827 3116 922 3161; x_wconf 88' lang='lat' dir='ltr'>esse..</span> <span class='ocrx_word' id='word_1_189' title='bbox 953 3094 1116 3178; x_wconf 83' lang='lat' dir='ltr'>Sumptum</span> <span class='ocrx_word' id='word_1_190' title='bbox 1145 3115 1216 3159; x_wconf 91' lang='lat' dir='ltr'>esse</span> <span class='ocrx_word' id='word_1_191' title='bbox 1238 3115 1367 3178; x_wconf 82' lang='lat' dir='ltr'>prover·</span> 
     </span>
     <span class='ocr_line' id='line_1_27' title="bbox 264 3202 1363 3287; baseline 0 -22"><span class='ocrx_word' id='word_1_192' title='bbox 264 3202 350 3265; x_wconf 90' lang='lat' dir='ltr'>bium</span> <span class='ocrx_word' id='word_1_193' title='bbox 384 3203 423 3267; x_wconf 88' lang='lat' dir='ltr'>dc</span> <span class='ocrx_word' id='word_1_194' title='bbox 456 3203 651 3267; x_wconf 85' lang='lat' dir='ltr'>llilesorium</span> <span class='ocrx_word' id='word_1_195' title='bbox 686 3203 778 3267; x_wconf 85' lang='lat' dir='ltr'>clade</span> <span class='ocrx_word' id='word_1_196' title='bbox 816 3205 966 3287; x_wconf 88' lang='lat' dir='ltr'>quadam,</span> <span class='ocrx_word' id='word_1_197' title='bbox 1000 3203 1189 3267; x_wconf 80' lang='lat' dir='ltr'>scholiastes</span> <span class='ocrx_word' id='word_1_198' title='bbox 1223 3209 1363 3267; x_wconf 72' lang='lat' dir='ltr'>annotat.</span> 
     </span>
     <span class='ocr_line' id='line_1_28' title="bbox 266 3298 1366 3394; baseline -0.008 -18"><span class='ocrx_word' id='word_1_199' title='bbox 266 3311 467 3394; x_wconf 78' lang='lat' dir='ltr'>Significatio</span> <span class='ocrx_word' id='word_1_200' title='bbox 490 3312 654 3393; x_wconf 83' lang='lat' dir='ltr'>proverbii</span> <span class='ocrx_word' id='word_1_201' title='bbox 675 3313 754 3375; x_wconf 87' lang='lat' dir='ltr'>haec</span> <span class='ocrx_word' id='word_1_202' title='bbox 782 3318 832 3375; x_wconf 81' lang='lat' dir='ltr'>est</span> <span class='ocrx_word' id='word_1_203' title='bbox 853 3313 884 3375; x_wconf 91' lang='lat' dir='ltr'>in</span> <span class='ocrx_word' id='word_1_204' title='bbox 903 3298 1048 3376; x_wconf 87' lang='lat' dir='ltr'>scholiis:</span> <span class='ocrx_word' id='word_1_205' title='bbox 1066 3311 1117 3372; x_wconf 77' lang='grc' dir='ltr'>’ἐπὶ</span> <span class='ocrx_word' id='word_1_206' title='bbox 1140 3315 1196 3373; x_wconf 80' lang='grc' dir='ltr'>τῶν</span> <span class='ocrx_word' id='word_1_207' title='bbox 1223 3310 1366 3394; x_wconf 64' lang='grc' dir='ltr'>πρότερον</span> 
     </span>
     <span class='ocr_line' id='line_1_29' title="bbox 265 3418 1368 3504; baseline 0.001 -22"><span class='ocrx_word' id='word_1_208' title='bbox 265 3420 317 3503; x_wconf 83' lang='grc' dir='ltr'>μὲν</span> <span class='ocrx_word' id='word_1_209' title='bbox 346 3418 608 3501; x_wconf 68' lang='grc' dir='ltr'>εὐδαιμονούντων,</span> <span class='ocrx_word' id='word_1_210' title='bbox 637 3419 684 3478; x_wconf 92' lang='grc' dir='ltr'>νῦν</span> <span class='ocrx_word' id='word_1_211' title='bbox 711 3419 745 3480; x_wconf 85' lang='grc' dir='ltr'>δὲ</span> <span class='ocrx_word' id='word_1_212' title='bbox 774 3420 971 3504; x_wconf 79' lang='grc' dir='ltr'>ἀτυχούντων.</span> <span class='ocrx_word' id='word_1_213' title='bbox 1015 3419 1133 3484; x_wconf 81' lang='lat' dir='ltr'>Iterum</span> <span class='ocrx_word' id='word_1_214' title='bbox 1154 3420 1273 3502; x_wconf 76' lang='lat' dir='ltr'>legitur</span> <span class='ocrx_word' id='word_1_215' title='bbox 1294 3441 1368 3504; x_wconf 88' lang='lat' dir='ltr'>pro·</span> 
     </span>
     <span class='ocr_line' id='line_1_30' title="bbox 266 3524 1159 3613; baseline -0.001 -21"><span class='ocrx_word' id='word_1_216' title='bbox 266 3530 410 3594; x_wconf 87' lang='lat' dir='ltr'>verbium</span> <span class='ocrx_word' id='word_1_217' title='bbox 432 3528 465 3591; x_wconf 89' lang='lat' dir='ltr'>in</span> <span class='ocrx_word' id='word_1_218' title='bbox 488 3526 565 3611; x_wconf 81' lang='lat' dir='ltr'>plut.</span> <span class='ocrx_word' id='word_1_219' title='bbox 591 3524 687 3609; x_wconf 76' lang='lat'>10753</span> <span class='ocrx_word' id='word_1_220' title='bbox 711 3528 879 3610; x_wconf 82' lang='lat' dir='ltr'>attingitur</span> <span class='ocrx_word' id='word_1_221' title='bbox 898 3530 932 3591; x_wconf 90' lang='lat' dir='ltr'>in</span> <span class='ocrx_word' id='word_1_222' title='bbox 954 3548 1044 3613; x_wconf 85' lang='lat' dir='ltr'>vesp.</span> <span class='ocrx_word' id='word_1_223' title='bbox 1070 3527 1159 3592; x_wconf 83' lang='lat'>1060.</span> 
     </span>
    </p>

    <p class='ocr_par' dir='ltr' id='par_1_10' title="bbox 266 3635 1368 3830">
     <span class='ocr_line' id='line_1_31' title="bbox 365 3635 1368 3727; baseline 0.001 -27"><span class='ocrx_word' id='word_1_224' title='bbox 365 3638 500 3709; x_wconf 87' lang='lat' dir='ltr'>Infamia</span> <span class='ocrx_word' id='word_1_225' title='bbox 523 3643 614 3700; x_wconf 79' lang='lat' dir='ltr'>erant</span> <span class='ocrx_word' id='word_1_226' title='bbox 640 3635 876 3701; x_wconf 71' lang='lat' dir='ltr'>Corinthiorum</span> <span class='ocrx_word' id='word_1_227' title='bbox 905 3646 1025 3719; x_wconf 85' lang='lat' dir='ltr'>scorta,</span> <span class='ocrx_word' id='word_1_228' title='bbox 1060 3638 1245 3701; x_wconf 86' lang='lat' dir='ltr'>avidissima</span> <span class='ocrx_word' id='word_1_229' title='bbox 1275 3658 1368 3727; x_wconf 87' lang='lat' dir='ltr'>pecu-</span> 
     </span>
     <span class='ocr_line' id='line_1_32' title="bbox 266 3745 1156 3830; baseline 0 -20"><span class='ocrx_word' id='word_1_230' title='bbox 266 3747 346 3829; x_wconf 80' lang='lat' dir='ltr'>niae⁷</span> <span class='ocrx_word' id='word_1_231' title='bbox 369 3767 450 3830; x_wconf 88' lang='lat' dir='ltr'>quae</span> <span class='ocrx_word' id='word_1_232' title='bbox 473 3751 570 3830; x_wconf 76' lang='lat' dir='ltr'>poeta</span> <span class='ocrx_word' id='word_1_233' title='bbox 591 3746 623 3809; x_wconf 92' lang='lat' dir='ltr'>in</span> <span class='ocrx_word' id='word_1_234' title='bbox 645 3745 723 3829; x_wconf 81' lang='lat' dir='ltr'>plut.</span> <span class='ocrx_word' id='word_1_235' title='bbox 749 3745 892 3808; x_wconf 80' lang='lat'>149--53</span> <span class='ocrx_word' id='word_1_236' title='bbox 915 3754 1156 3812; x_wconf 80' lang='lat' dir='ltr'>commemorat:</span> 
     </span>
    </p>

    <p class='ocr_par' dir='ltr' id='par_1_11' title="bbox 392 3876 1175 4291">
     <span class='ocr_line' id='line_1_33' title="bbox 392 3876 1057 3964; baseline 0.002 -23"><span class='ocrx_word' id='word_1_237' title='bbox 392 3900 395 3917; x_wconf 75' lang='lat'><em>²</em></span> <span class='ocrx_word' id='word_1_238' title='bbox 416 3880 463 3942; x_wconf 84' lang='grc' dir='ltr'>καὶ</span> <span class='ocrx_word' id='word_1_239' title='bbox 484 3878 536 3947; x_wconf 82' lang='grc' dir='ltr'>τὰς</span> <span class='ocrx_word' id='word_1_240' title='bbox 557 3881 584 3961; x_wconf 72' lang='grc' dir='ltr'>γ’</span> <span class='ocrx_word' id='word_1_241' title='bbox 606 3879 720 3962; x_wconf 80' lang='grc' dir='ltr'>ἑταίρας</span> <span class='ocrx_word' id='word_1_242' title='bbox 741 3880 811 3964; x_wconf 77' lang='grc' dir='ltr'>φασὶ</span> <span class='ocrx_word' id='word_1_243' title='bbox 832 3881 884 3948; x_wconf 81' lang='grc' dir='ltr'>τὰς</span> <span class='ocrx_word' id='word_1_244' title='bbox 905 3876 1057 3964; x_wconf 74' lang='grc' dir='ltr'>Κορινθίας</span> 
     </span>
     <span class='ocr_line' id='line_1_34' title="bbox 418 3984 1074 4073; baseline 0.002 -23"><span class='ocrx_word' id='word_1_245' title='bbox 418 3987 486 4050; x_wconf 84' lang='grc' dir='ltr'>ὅταν</span> <span class='ocrx_word' id='word_1_246' title='bbox 505 3987 558 4071; x_wconf 81' lang='grc' dir='ltr'>μὲν</span> <span class='ocrx_word' id='word_1_247' title='bbox 581 3987 671 4056; x_wconf 84' lang='grc' dir='ltr'>αι’ντάς</span> <span class='ocrx_word' id='word_1_248' title='bbox 693 4010 735 4056; x_wconf 82' lang='grc' dir='ltr'>τις</span> <span class='ocrx_word' id='word_1_249' title='bbox 756 3988 844 4070; x_wconf 82' lang='grc' dir='ltr'>πένης</span> <span class='ocrx_word' id='word_1_250' title='bbox 866 3993 972 4072; x_wconf 82' lang='grc' dir='ltr'>πειρῶν</span> <span class='ocrx_word' id='word_1_251' title='bbox 995 3984 1074 4073; x_wconf 77' lang='grc' dir='ltr'>τάχη</span> 
     </span>
     <span class='ocr_line' id='line_1_35' title="bbox 417 4095 1132 4180; baseline 0.006 -20"><span class='ocrx_word' id='word_1_252' title='bbox 417 4096 487 4160; x_wconf 81' lang='grc' dir='ltr'>οδδὲ</span> <span class='ocrx_word' id='word_1_253' title='bbox 507 4095 660 4180; x_wconf 73' lang='grc' dir='ltr'>προσέχειν</span> <span class='ocrx_word' id='word_1_254' title='bbox 682 4099 730 4158; x_wconf 84' lang='grc' dir='ltr'>τδν</span> <span class='ocrx_word' id='word_1_255' title='bbox 752 4102 834 4160; x_wconf 84' lang='grc' dir='ltr'>νοῦν·</span> <span class='ocrx_word' id='word_1_256' title='bbox 858 4096 908 4160; x_wconf 76' lang='grc' dir='ltr'>ἐὰν</span> <span class='ocrx_word' id='word_1_257' title='bbox 931 4097 965 4160; x_wconf 84' lang='grc' dir='ltr'>δὲ</span> <span class='ocrx_word' id='word_1_258' title='bbox 986 4098 1132 4178; x_wconf 77' lang='grc' dir='ltr'>πλούσιος,</span> 
     </span>
     <span class='ocr_line' id='line_1_36' title="bbox 415 4202 1175 4291; baseline 0.004 -24"><span class='ocrx_word' id='word_1_259' title='bbox 415 4205 466 4268; x_wconf 82' lang='grc' dir='ltr'>τὸν</span> <span class='ocrx_word' id='word_1_260' title='bbox 488 4204 622 4287; x_wconf 75' lang='grc' dir='ltr'>πρωκτὸν</span> <span class='ocrx_word' id='word_1_261' title='bbox 643 4202 734 4273; x_wconf 72' lang='grc' dir='ltr'>αὐτὰς</span> <span class='ocrx_word' id='word_1_262' title='bbox 756 4205 845 4274; x_wconf 74' lang='grc' dir='ltr'>εὐθὺς</span> <span class='ocrx_word' id='word_1_263' title='bbox 868 4208 908 4274; x_wconf 80' lang='grc' dir='ltr'>ὥς</span> <span class='ocrx_word' id='word_1_264' title='bbox 930 4209 1029 4270; x_wconf 88' lang='grc' dir='ltr'>τοῦτον</span> <span class='ocrx_word' id='word_1_265' title='bbox 1052 4205 1175 4291; x_wconf 85' lang='grc' dir='ltr'>τρέπειν.</span> 
     </span>
    </p>
   </div>
   <div class='ocr_carea' id='block_1_6' title="bbox 267 4327 1281 4526">
    <p class='ocr_par' dir='ltr' id='par_1_12' title="bbox 267 4327 1281 4526">
     <span class='ocr_line' id='line_1_37' title="bbox 267 4327 873 4417; baseline -0.007 -19"><span class='ocrx_word' id='word_1_266' title='bbox 267 4327 588 4417; x_wconf 80' lang='lat' dir='ltr'>Undeprorerbium</span> <span class='ocrx_word' id='word_1_267' title='bbox 612 4328 789 4414; x_wconf 79' lang='lat' dir='ltr'>profectum</span> <span class='ocrx_word' id='word_1_268' title='bbox 811 4340 873 4396; x_wconf 83' lang='lat' dir='ltr'>est:</span> 
     </span>
     <span class='ocr_line' id='line_1_38' title="bbox 389 4438 1281 4526; baseline 0 -22"><span class='ocrx_word' id='word_1_269' title='bbox 389 4439 428 4504; x_wconf 81' lang='grc' dir='ltr'>οῦ</span> <span class='ocrx_word' id='word_1_270' title='bbox 451 4439 581 4510; x_wconf 81' lang='grc' dir='ltr'>παντὸς</span> <span class='ocrx_word' id='word_1_271' title='bbox 603 4439 731 4524; x_wconf 76' lang='grc' dir='ltr'>ἀνδρὸς</span> <span class='ocrx_word' id='word_1_272' title='bbox 754 4439 803 4509; x_wconf 81' lang='grc' dir='ltr'>είς</span> <span class='ocrx_word' id='word_1_273' title='bbox 826 4438 999 4526; x_wconf 70' lang='grc' dir='ltr'>Κόρινθον</span> <span class='ocrx_word' id='word_1_274' title='bbox 1022 4438 1097 4504; x_wconf 76' lang='grc' dir='ltr'>ἔσδ’</span> <span class='ocrx_word' id='word_1_275' title='bbox 1122 4442 1135 4502; x_wconf 72' lang='lat' dir='ltr'>i,</span> <span class='ocrx_word' id='word_1_276' title='bbox 1156 4444 1281 4522; x_wconf 63' lang='grc' dir='ltr'>πλοῦς,</span> 
     </span>
    </p>
   </div>
   <div class='ocr_carea' id='block_1_7' title="bbox 0 0 1558 4974">
    <p class='ocr_par' dir='ltr' id='par_1_13' title="bbox 0 0 1558 4974">
     <span class='ocr_line' id='line_1_39' title="bbox 0 0 1558 4974; baseline 0 0"><span class='ocrx_word' id='word_1_277' title='bbox 0 0 1558 4974; x_wconf 95' lang='lat' dir='ltr'> </span> 
     </span>
    </p>
   </div>
  </div>
 </body>
</html>
