3100 4974
252 499 298 561 ἐπὶ
319 502 375 560 τῶν
398 496 427 559 ἐν
459 496 583 580 ἀφθονίᾳ
608 497 666 557 τῶν
694 493 861 577 ἐπιτηδείων
888 491 988 556 ὄντων.
1029 490 1134 575 ’Ἄλλη
1162 491 1195 554 δὲ
1217 492 1353 574 παροιμία

251 607 333 692 φησὶε
362 605 396 669 οὐ
420 604 475 688 γὰρ
498 602 636 667 ἄκανθαι·
667 601 745 666 ἔοικε
772 602 806 665 δὲ
828 603 1050 684 ὑπομιμνήσκειν
1073 604 1123 683 την
1146 604 1198 663 τοῦ
1220 601 1281 684 βίου
1303 624 1352 681 με·

250 715 386 800 ταβολὴν,
410 713 510 797 αἠρίυυ
533 713 579 775 καὶ
601 713 791 778 ἀκανθώδους
814 709 952 793 πρότερον
975 708 1070 784 ὄντος,
1099 710 1162 791 πρὶν
1188 707 1354 790 ἐπιμέλειαν

251 830 304 908 τῆς
324 828 378 906 γῆς
404 821 451 884 καὶ
473 826 531 883 τῶν
555 823 727 904 σπερμάτων
748 820 892 901 γενέσθαι,
916 819 984 882 ὅθεν
1007 819 1064 880 ἀπὸ
1087 823 1138 902 τῆς
1160 817 1281 901 ὕστερον
1297 817 1354 880 ἐπι·
1393 869 1397 874 .

252 934 370 1017 μελείοις
393 932 515 1015 ῥηθῆναι
535 930 567 991 τὸ
583 927 782 1011 ἀληλεσμένος
797 929 866 1014 βίος.
904 928 1046 993 Similem
1061 929 1356 1012 interpretationem

252 1043 387 1126 praebet
409 1041 559 1104 Erasmus
585 1061 616 1122 p.
639 1038 700 1100 476
725 1036 778 1117 ,οὐ
811 1036 867 1121 γὰρ
895 1038 1030 1099 ἅκανθαιε
1064 1038 1084 1101 i.
1116 1057 1143 1101 e.
1177 1058 1241 1101 nou
1273 1038 1356 1101 enim

253 1152 374 1235 spinae.
430 1149 478 1212 De
511 1147 694 1212 conditione
733 1147 901 1215 dicebatur
935 1148 967 1209 in
1005 1147 1117 1211 melius
1155 1155 1355 1210 commutata.

253 1260 389 1343 Sumpta
412 1256 598 1340 metaphora
621 1278 639 1318 a
662 1256 843 1338 novalibus
866 1276 947 1339 quae
969 1256 1150 1340 repurgatis
1173 1255 1274 1338 spinis
1297 1255 1312 1318 f
1347 1290 1357 1301 ·

253 1368 379 1451 giferae
400 1365 558 1449 incipiunt
591 1383 671 1427 esse.
716 1364 817 1428 Reate
850 1364 1022 1446 quadrabit
1050 1364 1090 1429 de
1116 1364 1245 1445 negotio
1268 1365 1356 1447 prius

252 1475 442 1559 infrugifero
466 1494 503 1538 aa
526 1473 669 1553 molesto,
693 1474 777 1538 uude
798 1478 913 1558 postea
935 1474 1062 1556 capitur
1084 1473 1354 1537 emolumentum.“

353 1587 383 1648 A
416 1582 633 1665 navigando
668 1582 833 1667 profectae
856 1590 929 1646 sunt
950 1583 1010 1648 hae
1032 1583 1209 1647 locutiones
1241 1584 1355 1643 πάντα

252 1695 368 1756 κοίλων
391 1691 523 1761 ἐξιέναι
545 1702 577 1757 et
599 1692 864 1773 μετακυλίνδειν
897 1691 986 1772 τρδς
1018 1694 1075 1752 τδν
1099 1687 1137 1753 εὖ
1160 1693 1353 1773 πράττοντα

253 1807 358 1886 τοῖχον,
385 1823 517 1884 quarum
539 1801 629 1864 illam
648 1802 679 1864 in
703 1821 773 1882 equ.
791 1799 860 1879 756,
883 1800 965 1864 hano
987 1801 1019 1863 in
1041 1820 1108 1863 ran.
1123 1799 1194 1863 537.
1211 1801 1350 1882 legimus,

254 1911 338 1989 Quid
360 1911 417 1974 illa
439 1911 559 1975 locutio
582 1909 750 1992 significet,
773 1916 917 1992 apertum
939 1918 1000 1989 est;
1025 1909 1191 1974 dicebatur
1212 1913 1294 1973 enim
1315 1909 1354 1973 de

254 2024 318 2102 eia,
353 2021 407 2104 qui
430 2019 559 2083 summis
581 2020 703 2081 viribus
725 2019 881 2082 laborant.
924 2019 1041 2083 Forma
1068 2019 1238 2082 locutionis
1265 2020 1356 2082 varia

255 2137 337 2209 erat3
354 2129 474 2193 locutio
490 2129 607 2194 κάλως
622 2125 721 2196 ἐξιέναι
736 2128 869 2211 propria
886 2128 917 2190 vi
931 2128 1050 2209 legitur
1064 2128 1096 2190 in
1108 2128 1182 2191 Eur.
1196 2128 1291 2191 Troa.
1308 2126 1357 2209 94,

254 2238 411 2302 translata
441 2239 474 2300 in
495 2237 570 2300 Eur.
593 2236 677 2299 Med.
701 2235 772 2299 278.
816 2236 1103 2320 Paroemiographi
1136 2244 1241 2300 antem
1276 2236 1357 2300 alias

255 2348 373 2412 formas
394 2346 603 2425 tradiderunt,
626 2345 725 2409 veluti
747 2345 881 2426 legimus
904 2366 955 2429 ap.
973 2346 1011 2409 G.
1028 2347 1063 2411 C.
1079 2346 1115 2409 L.
1132 2344 1238 2425 111,4:
1261 2345 1357 2406 πάντα

255 2459 354 2518 κοίλων
377 2453 494 2539 ἐφέντες
515 2453 534 2536 ἢ
557 2454 710 2520 σείσαντες.
734 2475 785 2538 ap.
808 2457 922 2536 apost.
943 2455 1034 2535 XIII,
1056 2453 1111 2519 88:
1138 2457 1232 2515 πάντα
1258 2457 1358 2516 κοίλων

256 2565 349 2630 σείειν.
373 2586 424 2648 ap.
448 2564 487 2629 G.
505 2563 539 2627 C.
556 2564 599 2627 M.
614 2563 656 2643 Π,
672 2561 711 2623 27
734 2564 828 2624 πάντα
851 2565 951 2626 κοίλων
975 2567 1066 2639 κινεῖς,
1089 2565 1143 2645 qui
1159 2563 1270 2628 eodem
1286 2563 1359 2627 loeo

256 2675 375 2739 similes
397 2673 577 2737 locutiones
592 2671 690 2752 addit,
713 2692 796 2754 quae
811 2679 883 2736 sunt
904 2673 1043 2734 ἀντλεῖν
1066 2672 1278 2756 ἀμφοτέραις
1298 2671 1357 2754 (so.

255 2782 382 2868 χερσίν)·
416 2781 463 2843 ἐπὶ
483 2785 540 2842 τῶν
563 2782 679 2862 σπουδῇ
701 2804 726 2841 τι
746 2782 904 2842 ποιούντων
927 2790 959 2845 et
992 2781 1047 2843 καὶ
1074 2781 1167 2865 χειρὶ
1189 2781 1245 2842 καὶ
1277 2780 1360 2841 ποδὶ

256 2892 412 2976 βοηθεῖν,
447 2889 487 2955 ef.
510 2890 594 2953 Mae.
619 2890 658 2970 V,
681 2889 710 2951 ὁ.
755 2888 905 2966 Quamvis
938 2890 1039 2955 forma
1060 2893 1152 2954 varia
1174 2893 1227 2971 sit,
1254 2897 1361 2954 tamen

260 3022 369 3066 omnes
384 3000 562 3064 locutiones
584 2999 668 3063 idem
683 2999 875 3081 significare,
897 3019 989 3063 nomo
1004 3007 1061 3079 est,
1082 3001 1136 3082 qui
1157 3021 1220 3063 non
1240 3000 1360 3064 videat.

358 3110 469 3173 Altera
491 3129 510 3172 a
531 3107 712 3191 navigando
737 3109 838 3189 petita
858 3108 978 3195 leontio
1001 3109 1119 3191 legitur
1143 3110 1174 3172 in
1197 3130 1263 3171 ran.
1287 3107 1360 3190 537,

258 3227 295 3284 ut
310 3220 379 3303 jam
401 3239 498 3302 supra
531 3218 612 3300 dixi3
644 3219 699 3282 ubi
733 3238 802 3281 uum
827 3219 973 3283 Bacchus
1007 3238 1175 3300 personam
1197 3218 1360 3282 Xanthiae

257 3328 355 3407 servi,
390 3348 483 3410 quam
516 3334 610 3391 antea
636 3335 720 3392 metu
745 3336 920 3391 commotus
953 3326 1115 3407 induerat,
1148 3327 1360 3410 deposuisset,

258 3438 372 3501 ohorus
393 3437 472 3501 haee
495 3436 590 3500 dicit:

557 3546 650 3605 ταῦτα
672 3543 723 3631 μὲν
748 3543 821 3625 πρὸς
845 3542 948 3626 ἀνδρός
968 3545 1027 3607 ἐστι

556 3654 621 3713 νοῦν
644 3650 763 3737 ἔχοντος
786 3653 833 3714 καὶ
854 3652 960 3736 φρένας
983 3659 1029 3715 καὶ

558 3758 657 3824 πολλὰ
680 3760 945 3841 περιπεπλευκότος

558 3872 772 3949 μετακυλίνδειν
795 3873 881 3934 αὑτὸν
904 3871 950 3935 ἀεὶ

556 3979 630 4060 πρὸς
651 3979 700 4041 τὸν
723 3977 756 4042 εὖ
778 3983 942 4061 πράττοντα
962 3982 1060 4063 τοῖχον

560 4090 672 4171 μᾶλλον
695 4088 714 4172 ἤ
735 4089 936 4172 γεγραμμένην

561 4194 646 4260 εἰκόν’
669 4197 791 4283 ἑστάναι,
813 4197 931 4282 λαβόνθ’
954 4196 983 4258 ἕν

559 4311 671 4391 σχῆμα·

360 4414 557 4480 Scholiastes
580 4416 649 4481 eod.
674 4417 706 4478 V
728 4416 922 4480 locutionem
936 4415 986 4478 his
999 4417 1106 4481 verbis
1123 4416 1276 4499 explieat:
1309 4416 1362 4498 τὴν
