3100 4974
199 518 203 525 ·
301 484 449 570 Locutio,
474 508 556 576 quae
578 498 628 556 est
648 483 764 557 Ἄϊδος
786 481 886 571 κυνῆ,
910 484 950 553 de
973 483 1019 553 eis
1042 476 1217 569 cimbatum
1243 482 1297 572 qui

203 598 312 685 aliqna
333 601 457 665 ratione
480 618 513 665 se
529 596 720 664 occulerent.
754 594 903 681 Legimus
919 616 987 662 eam
1003 594 1035 661 in
1051 591 1121 662 Acir
1145 592 1298 680 aea-eo,

201 708 256 775 ubi
278 711 392 775 chorus
415 726 524 774 senum
545 704 754 793 Dicaeopolin
780 703 1043 790 tergiversantem
1071 700 1231 788 admonet,
1264 708 1299 770 ut

202 806 243 884 ab
263 816 458 903 Hieronymo
482 828 579 903 poeta
602 813 776 882 caesariem
799 825 901 901 petat,
925 830 1017 899 quam
1039 808 1174 879 nimiam·
1188 810 1215 880 is
1238 807 1298 881 ale=

200 926 264 1009 luat,¹
287 936 319 993 et
342 925 392 992 cui
416 941 589 1010 cognomen
612 918 710 993 Ἄϊδος
731 930 801 1007 κυνῆ
823 922 884 989 λου
907 919 978 990 loco
1001 918 1207 1005 adtributum
1230 936 1298 989 vcr-

201 1054 254 1102 stre
283 1046 355 1101 eunt
383 1033 431 1101 hi:
462 1032 490 1097 αι’
505 1031 594 1097 ταῦτα
616 1030 732 1119 στρέφει
755 1039 899 1117 τεχνάζεις
920 1058 952 1097 τε
974 1037 1020 1097 καὶ
1042 1036 1164 1117 πορίζεις
1186 1036 1297 1119 τριβάς;

202 1141 275 1230 λαβέ
297 1144 322 1207 δ’
345 1142 416 1230 ἐμοῦ
438 1147 464 1226 η’
485 1143 648 1227 ἕνεκαπαμ
674 1141 849 1227 Ἱερωνύμου
882 1142 1217 1227 σκοτοδασυπυκνότριχα
1238 1142 1298 1206 *At-

200 1257 251 1323 δυς
272 1260 369 1336 κυνῆν,
392 1256 447 1318 ubi
468 1253 582 1317 schol:
606 1251 705 1315 Ἀϊόοτ
720 1257 806 1333 κυνῆ·
829 1253 963 1334 παροιμία
985 1253 1056 1335 πρὸς
1078 1253 1143 1320 τοὺς
1165 1252 1297 1336 ἐπικρύπ-

200 1386 300 1431 τοντας
322 1362 427 1432 αὑτοὺς
449 1365 496 1425 διά
518 1386 599 1425 τινων
622 1363 856 1446 μηχανημάτων·
879 1361 995 1445 τοιαύτη
1011 1362 1066 1444 γὰρ
1090 1364 1175 1444 ῆτοῢ
1191 1359 1300 1430 ’Άϊῧος

199 1477 281 1555 κυνῆ,
302 1464 467 1556 ῆΙΙεραεὺς
489 1474 673 1556 χρησάμενος
695 1472 746 1554 τῆν
763 1469 893 1554 Γάργανον
915 1470 1142 1553 ἐδειροτόμηοτν.
1177 1471 1300 1536 Similia

199 1583 289 1665 legas
312 1602 362 1665 ap.
385 1581 477 1664 Diog.
495 1582 535 1645 V.
552 1582 575 1661 Ι,
594 1580 631 1642 16
653 1587 686 1645 et
708 1581 825 1644 Zenob.
849 1580 873 1661 Ι,
894 1580 945 1643 41.
988 1579 1078 1657 Quod
1102 1580 1195 1662 galea
1215 1590 1299 1645 tene-

201 1692 329 1755 bricosa
351 1691 601 1770 existimabatur,
624 1697 797 1774 propterea
819 1690 903 1753 Orco
928 1689 1090 1753 adtributa
1114 1698 1176 1771 est,
1200 1691 1298 1755 veluti

199 1800 276 1863 Hes,
294 1808 372 1863 scut.
388 1800 485 1864 Here.
501 1797 577 1864 226:
596 1794 703 1865 ’Ἄϊδος
725 1797 811 1881 κυνέη
834 1796 922 1880 ζόφον
945 1795 1021 1859 αἶνον
1044 1796 1165 1881 ἔχουσα.
1198 1798 1298 1875 Quam

201 1910 254 1992 qui
276 1908 436 1989 induerat,
470 1908 572 1972 videri
598 1929 660 1971 non
690 1914 832 1990 poterat;
866 1917 1038 1991 propterea
1061 1909 1092 1970 io
1115 1907 1150 1970 ll.
1174 1908 1213 1987 V,
1237 1906 1299 1972 845

199 2019 358 2099 Minerva,
381 2039 421 2082 ne
443 2019 531 2081 Mars
553 2039 587 2083 se
609 2017 719 2081 videre
737 2023 859 2101 posset,
880 2017 1006 2100 galeam
1027 2017 1115 2080 illam
1137 2016 1214 2081 Orci
1236 2017 1299 2080 sibi

198 2124 358 2213 imposuit.

239 2350 243 2361 ⁸
298 2270 336 2334 In
357 2290 428 2355 pac.
448 2268 506 2332 122
525 2270 694 2352 Trygaeus
716 2271 749 2333 in
771 2272 947 2335 scarabaeo
971 2270 1085 2334 sedens
1103 2270 1235 2353 jamque
1257 2269 1298 2333 ad

200 2381 323 2444 coelum
346 2379 547 2462 proiecturus
570 2379 652 2442 filias
675 2380 824 2444 lacrimas
852 2378 1018 2443 fundentes
1041 2379 1226 2443 consoletur
1248 2378 1298 2443 his

199 2490 321 2554 verbis:

348 2612 384 2697 ῆν
406 2615 431 2675 δ’
454 2614 513 2695 ἐγὼ
536 2610 571 2676 εὖ
591 2613 699 2696 πράξας
722 2611 804 2675 ἔλθοι
826 2615 921 2692 πάλιν,
944 2613 1014 2682 ἕξετ’
1036 2614 1065 2676 ἐν
1088 2615 1153 2698 ὥρᾳ

348 2723 494 2805 κολλύραν
516 2724 645 2804 μεγάλην
667 2722 714 2784 καὶ
736 2721 875 2784 κόνδυλον
899 2720 970 2805 ὄψον
993 2722 1038 2784 ἐπ’
1062 2722 1147 2807 αὐτῆ,

203 2867 242 2930 de
264 2867 378 2948 quibus
400 2865 551 2930 Rohdem
574 2864 594 2927 l.
619 2886 645 2929 c.
669 2866 750 2929 bene
773 2866 819 2929 sic
843 2866 999 2949 disputat:
1030 2866 1244 2949 „lepidissime
1266 2874 1300 2931 et

204 2983 329 3055 praeter
351 2976 623 3058 exspectationem
646 2974 826 3057 placentae,
861 2995 923 3056 que
952 2995 1099 3040 reversus
1122 2978 1162 3039 ab
1185 2976 1299 3041 itinere

200 3081 281 3146 filias
304 3084 476 3147 donaturus
499 3092 562 3163 est,
596 3084 764 3167 colaphum
787 3084 952 3168 apposuit;
987 3104 1048 3167 quo
1072 3085 1149 3166 joco
1171 3105 1300 3169 prover-

198 3192 283 3255 bium
305 3215 324 3255 e
347 3193 541 3277 Polyphemo
565 3199 666 3281 ortum
689 3203 775 3256 tecte
797 3191 966 3275 signifieat,
989 3197 1042 3275 qui
1066 3193 1171 3255 vinum
1194 3202 1300 3276 postu-

196 3300 267 3365 lans
291 3303 331 3364 ab
346 3302 442 3368 Ulixe
457 3303 550 3367 oculo
573 3303 716 3386 privatus
739 3310 802 3365 est:
829 3299 867 3361 άν
890 3301 915 3361 δ’
938 3298 1149 3383 alterutras„
1172 3300 1297 3364 κόνδυ-

199 3413 261 3472 λον
284 3412 382 3495 αὐτῷ
404 3411 535 3476 δίδυυ.“
578 3412 763 3496 Disputavit
784 3412 824 3475 de
846 3412 1016 3494 proverbio
1040 3410 1078 3476 G.
1095 3410 1130 3474 O.
1146 3410 1182 3475 L.
1198 3411 1220 3490 Ι,
1243 3409 1297 3475 42:

198 3518 245 3580 te
266 3524 323 3580 τῶν
346 3517 445 3600 ἀγαθά
467 3521 518 3602 μὲν
540 3520 705 3600 αἰτούντων,
729 3520 806 3582 δεινά
829 3520 862 3582 δὲ
878 3517 1091 3604 λαμβανόντων.
1130 3519 1169 3584 cf.
1184 3521 1298 3602 Apost.

86 3678 115 3720 4
197 3628 261 3709 ΙΙΙ,
285 3627 305 3688 2
327 3636 360 3691 et
381 3628 497 3691 Zenob.
522 3628 550 3708 Ι,
572 3628 622 3690 92.
666 3630 825 3712 Imprimis
849 3629 888 3693 de
911 3631 1018 3712 pueris
1041 3629 1221 3708 dicebatur,
1244 3631 1298 3713 qui

197 3743 344 3822 petentes
368 3755 430 3799 non
451 3735 590 3820 petenda
619 3758 839 3819 nonnunquam
871 3740 1024 3823 colaphos
1058 3739 1230 3821 recipiunt,
1264 3746 1299 3803 ut

198 3845 319 3909 Erasm.
336 3866 367 3927 p.
383 3843 445 3906 406
468 3845 617 3928 explicat,
640 3847 694 3926 qui
717 3846 910 3911 scholiastae
925 3850 1022 3912 Arist.
1047 3848 1087 3911 ad
1110 3848 1138 3910 h.
1162 3848 1182 3910 l.
1206 3848 1299 3945 inter-

198 3954 410 4038 pretationem
434 3955 612 4038 exscripsit,
636 3975 716 4036 quae
739 3965 799 4019 est:
830 3954 1012 4038 φαίνεταιτὸ
1035 3955 1080 4017 ἐπὶ
1101 3961 1158 4017 τῶν
1179 3955 1299 4018 παιδίων

199 4060 351 4144 λεγόμενον
375 4062 494 4147 ἀρχαῖον
517 4060 563 4124 ὅν·
584 4063 641 4145 „tp
664 4065 689 4124 δ’
713 4061 786 4124 οἶνον
809 4063 875 4147 αἰτῆ
906 4066 1062 4132 κονδύλους
1084 4066 1165 4149 αὐτῷ
1188 4067 1299 4148 bilaist,

198 4170 270 4255 ὑπὲρ
292 4174 343 4232 τοῦ
365 4170 467 4242 ἐθίζειν
488 4171 556 4240 τοὺς
576 4175 681 4240 παῖδας
703 4172 794 4256 μηδέν
817 4197 842 4236 τι
856 4172 994 4254 crepuerit
1017 4172 1112 4237 αἰτεῖν.

298 4306 348 4369 Ex
363 4305 472 4370 fabula
487 4326 612 4389 quoque
628 4309 783 4392 originem
797 4308 983 4387 locutionis,
1007 4329 1089 4392 quiae
1112 4310 1154 4373 sit
1176 4310 1299 4393 μήλοις

199 4415 362 4501 βάλλειν,
395 4416 428 4480 in
454 4417 527 4481 nub.
550 4415 620 4497 997,
654 4418 830 4482 ducendam
847 4436 939 4498 esse,
972 4418 1189 4500 Diogenianus
1208 4417 1236 4500 3,
1259 4415 1299 4480 63
