3100 4974
737 282 778 347 23

657 374 856 383 -0--——-.

207 486 323 550 fectum
346 492 410 550 est:
434 482 518 552 ὄνος
542 483 639 569 ὄχων
663 486 854 570 μυστήρια,
889 506 950 570 quo
972 487 1005 551 in
1027 506 1094 551 ran.
1119 484 1179 547 159
1201 485 1236 569 νὴ
1258 484 1307 549 τὸν

206 594 248 656 Δί’
260 591 321 675 ἐγὼ
337 597 405 676 ηοόν
428 591 495 662 ὄνος
516 592 595 676 ἄγων
612 597 762 679 μυστήρια,
777 596 936 661 Xanthias
948 616 1059 661 servus
1070 596 1178 676 utitur,
1200 615 1307 661 comes

207 704 327 768 Bacchi
351 704 391 767 ad
414 703 533 769 inferos
549 707 661 769 euntis.
697 706 893 771 Scholiastes
913 706 996 769 hanc
1011 704 1308 788 interpretationem

206 814 353 896 praebet:
377 815 435 881 τοῖς
457 813 620 896 μυστηρίοις
646 813 675 882 ἐξ
695 812 808 881 ἅατεως
832 813 873 882 εἰς
895 810 1049 876 Ἐλευσῖνα
1076 813 1123 877 διὰ
1151 815 1209 874 τῶν
1232 810 1306 876 ὄνων

206 920 324 1005 φέρουσι
346 920 382 983 τὰ
407 921 448 989 εἰς
469 924 520 1006 τἠν
542 923 653 1007 χρείαν
691 922 759 985 όθεν
781 925 800 1005 ἡ
823 922 973 1006 παροιμία,
999 922 1101 985 διὰτὸ
1124 921 1304 984 κακοπαθεῖν

206 1032 332 1114 μάλιστα
347 1029 415 1097 τοὺς
431 1028 515 1098 ὄνους
536 1031 789 1115 ἀχθοφοροῦντας·
812 1034 853 1100 ὡς
879 1031 915 1094 ἂν
943 1029 993 1095 οὖν
1016 1030 1114 1113 ὅμοιόν
1136 1055 1163 1094 τι
1183 1032 1307 1114 πάσχων

206 1139 265 1223 (sc.
293 1139 461 1221 Xanthias)
495 1138 543 1202 διὰ
571 1143 605 1202 τό
630 1139 777 1212 πιέζεσθαι
808 1146 852 1224 ap
874 1140 1044 1223 ἐπικειμένῳ
1077 1138 1166 1225 ἄχθει
1183 1140 1235 1222 τὴν
1257 1161 1308 1200 πα-

205 1247 318 1332 ροιμίαν
339 1250 479 1331 ρίχνυοιν.
517 1248 638 1314 Eadem
659 1252 759 1314 verba
777 1249 877 1315 refert
897 1253 1010 1334 Apost.
1033 1250 1108 1331 XII,
1132 1249 1179 1313 75.
1225 1247 1308 1325 Quid

204 1359 411 1444 proverbium
431 1360 604 1442 significet,
638 1366 725 1426 recte
748 1361 864 1425 docent
884 1360 979 1442 Diog.
1001 1359 1080 1440 VII,
1107 1356 1148 1420 98
1170 1367 1203 1423 et
1224 1358 1307 1423 Mac.

204 1468 263 1549 VI,
283 1465 338 1533 34:
361 1467 406 1530 ἐπὶ
428 1472 486 1530 τῶν
508 1468 615 1552 ἑτέροις
637 1469 883 1531 κακοπαθούντων
904 1467 951 1531 καὶ
965 1467 1148 1552 εὐφροσύνην,
1165 1465 1305 1553 παρεχόν-

191 1601 274 1642 πων.
318 1578 469 1642 Erasmus
484 1600 514 1662 p.
531 1577 593 1641 309
614 1580 692 1642 duas
712 1578 993 1661 interpretationes
1008 1579 1150 1661 praebet,
1173 1597 1305 1661 quarum

207 1686 311 1750 altera
337 1687 399 1750 hne
428 1689 581 1772 pertinet,
616 1709 697 1771 qnae
726 1698 788 1753 est:
825 1688 980 1771 „quadrat
1008 1687 1137 1768 ineos,
1176 1707 1309 1769 quorum

111 1782 117 1791 ’
209 1815 308 1878 opera
337 1797 409 1860 aliis
432 1797 596 1862 dumtaxat
617 1806 666 1863 est
694 1797 779 1877 usui,
814 1817 885 1861 cum
911 1797 953 1861 ad
979 1799 1067 1882 ipsos
1095 1802 1225 1880 praeter
1246 1815 1309 1860 mc·

207 1906 332 1970 lestiam
363 1907 443 1970 nihil
475 1907 602 1973 interim
620 1907 762 1973 redeat.“
804 1907 899 1971 Unde
926 1907 1040 1987 altera,
1074 1926 1156 1988 qnae
1182 1911 1232 1970 est
1257 1906 1308 1985 „in

208 2035 277 2080 eum
300 2016 479 2096 dicebatur,
502 2018 557 2101 qui
580 2024 709 2100 praeter
731 2017 920 2099 dignitatem
946 2016 978 2078 in
1001 2008 1136 2079 munere
1158 2015 1308 2097 quopiam

206 2126 407 2207 versabatur3
442 2127 542 2191 veluti
576 2128 603 2191 si
636 2126 708 2212 quis
741 2127 872 2208 ignarus
903 2125 1067 2190 literarum
1094 2124 1307 2188 bibliothecae

207 2234 372 2317 profectus
394 2237 498 2300 esset“
519 2238 621 2320 petita
642 2238 693 2316 sit,
715 2236 867 2299 Erasmus
890 2254 952 2298 non
973 2234 1087 2316 refert,
1120 2253 1179 2297 nec
1202 2240 1308 2297 tamen

207 2364 247 2407 ex
269 2344 400 2426 antiquo
423 2346 581 2429 scriptore
603 2346 717 2409 hausta
738 2364 809 2410 esse
830 2345 967 2408 videtur.

308 2452 389 2530 Quia
412 2455 519 2518 asinus
549 2475 609 2520 non
632 2455 758 2518 lanatus
787 2461 849 2535 est,
883 2453 1001 2536 jocosa
1027 2459 1077 2516 est
1100 2452 1220 2515 locutio
1255 2449 1307 2518 εἰς

208 2559 290 2624 ὄνου
314 2560 437 2646 πόκας,
460 2585 554 2645 quam
576 2565 609 2627 in
630 2585 697 2628 ran.
717 2562 777 2626 186
799 2564 927 2627 Charon
949 2562 1110 2626 Bacchum
1124 2560 1166 2624 ad
1187 2560 1307 2625 inferos

207 2671 398 2754 trajectanus
422 2681 562 2757 usurpat.
617 2674 719 2738 Recte
754 2673 945 2737 scholiastes
972 2691 1042 2736 eam
1068 2671 1209 2753 explicat
1235 2675 1305 2753 per:

207 2781 240 2842 τό
264 2779 407 2843 ἀδύνατον
439 2786 497 2843 τῶν
520 2775 699 2845 καθ’(Ἀδου
723 2783 824 2864 δηλοῖ·
848 2782 990 2844 ἀδύνατον
1022 2780 1076 2863 ηόιρ
1115 2777 1205 2847 πόκας
1238 2778 1307 2841 ἀπο·

209 2890 357 2972 κείρασθαι
379 2896 436 2953 τῶν
460 2888 533 2954 ὄνων
546 2938 641 2956 .....
666 2893 685 2975 ἡ
708 2891 741 2953 δὲ
763 2890 900 2973 παροιμία
923 2887 1037 2972 λέγεται
1058 2888 1104 2951 ἐπὶ
1126 2892 1183 2951 τῶν
1207 2888 1307 2972 ἀνηνύ-

211 3022 275 3064 των.
319 3002 425 3065 Aliam
447 3000 579 3065 formam
600 3002 735 3087 legimns
758 3022 810 3084 ap.
834 3001 953 3065 Zenob.
976 2999 1021 3080 V,
1044 2993 1088 3061 38
1109 2996 1177 3061 ὄνου
1200 2995 1308 3065 πόκους

209 3113 301 3192 ζητεῖς
324 3118 358 3175 et
379 3107 444 3172 ὄνον
467 3113 584 3195 κείρεις;
608 3111 654 3177 ἐπὶ
675 3115 731 3173 τῶν
754 3108 901 3193 ἀνηνύτων
924 3108 1157 3191 ἐπιχειρούντων.
1193 3108 1309 3191 Inepta

208 3229 257 3284 est
279 3222 512 3305 interpretatic,
536 3242 618 3303 quae
640 3228 768 3305 praeter
789 3225 920 3298 rectam,
944 3237 1025 3301 quae
1047 3217 1167 3281 ibidem
1181 3217 1307 3299 legitur,

210 3352 262 3414 ap.
287 3331 370 3395 Mac.
394 3331 452 3394 111.
475 3330 516 3392 56
545 3333 630 3396 etin
658 3334 741 3414 App.
763 3349 855 3413 pror.
876 3326 921 3407 ΙΙ,
948 3324 989 3389 29
1016 3326 1189 3390 invenitur:
1227 3326 1253 3388 οί
1276 3325 1309 3388 δὲ

208 3438 255 3500 ἐπὶ
276 3440 404 3523 κατοίρας
426 3442 511 3502 τοῦτο
534 3437 678 3521 λέγουσιν·
715 3437 779 3521 ἤτοι
804 3436 884 3500 ἄπιθι
911 3436 951 3505 εἰς
973 3433 1039 3497 ὄνου
1062 3433 1183 3518 πόκους,
1219 3433 1308 3519 ἤγουν

208 3545 283 3610 ἔνθα
310 3548 336 3609 οἱ
369 3545 428 3612 ὄνοι
461 3550 601 3633 αηπονται
628 3549 675 3612 καὶ
701 3547 737 3610 τὰ
764 3547 859 3610 αὐτῶν
886 3544 950 3630 ἔρια
977 3549 1017 3613 ως
1047 3542 1134 3606 πόκοι
1158 3545 1306 3627 γίγνονται.

211 3655 344 3722 Similes
377 3667 450 3723 sunt
481 3660 662 3725 locutiones
701 3658 835 3742 χύτραν
871 3655 1071 3722 ποικίλλεις
1105 3662 1138 3718 et
1171 3651 1308 3736 κόπρον

209 3765 429 3851 ἀναθυριᾷς,
463 3767 680 3833 ascholiasta
702 3774 883 3845 annotatae,
913 3773 946 3829 ct
967 3764 1083 3849 ξυρεῖν
1116 3761 1245 3826 λέοντα
1277 3772 1310 3828 et

209 3874 321 3938 ἀσκόν
343 3878 460 3961 δέρειν
484 3883 526 3944 ab
548 3878 692 3943 Eustath.
717 3878 758 3941 ad
779 3876 817 3940 Il.
840 3872 942 3955 o,137.

311 3988 431 4053 Facete
467 3990 509 4054 de
541 3989 720 4053 hominibus
756 3986 862 4050 stultis
894 3984 1011 4048 dicitur
1047 3982 1075 4045 τί
1106 3983 1180 4065 δῆτα
1213 3983 1311 4064 ληρεῖς

211 4095 329 4179 ὥσπερ
356 4096 418 4158 ἀπ’
441 4095 523 4160 ὄνου
551 4097 763 4160 καταπεσών
784 4097 817 4159 in
838 4096 912 4158 nub.
936 4091 1029 4176 1273,
1059 4093 1112 4157 nbi
1135 4091 1241 4156 schol:
1265 4088 1311 4153 ἐπὶ

211 4210 269 4270 τῶν
302 4204 418 4286 ἀλόγως
445 4206 630 4289 πραττόντων
663 4209 682 4290 ἡ
717 4204 852 4290 παροιμία
884 4201 931 4265 καὶ
964 4202 1004 4286 μὴ
1039 4200 1207 4285 δυναμένων
1237 4197 1312 4268 ὄνοις

212 4319 381 4411 χρήσασθαι
403 4317 442 4400 μή
466 4316 498 4379 τέ
519 4339 553 4395 γε
576 4318 613 4400 δὴ
635 4315 739 4383 ἵπποις.
784 4313 1027 4402 Asinumenim
1053 4312 1150 4394 vulgo
1174 4310 1314 4393 segniter

214 4437 309 4513 atquc
330 4434 398 4493 tute
420 4427 570 4493 incedere
592 4447 651 4493 nec
673 4424 768 4490 facile
792 4443 978 4509 quemquam
994 4420 1056 4487 nisi
1075 4441 1207 4508 prorsus
1229 4420 1315 4484 inha-
