3100 4974
726 313 765 377 'll

643 400 842 413 ———-

193 516 376 601 petionibus
400 516 593 599 quotidianis
614 517 735 601 petitae
758 525 845 599 snnt;
882 537 920 581 ac
943 518 1077 600 primum
1100 518 1139 583 de
1160 518 1292 584 locutio·

193 625 286 689 nibus
309 625 472 704 disseram,
499 646 580 708 quac
603 627 641 690 de
663 628 858 708 agricultura
880 627 1089 710 depromptae
1111 634 1192 691 sunt.

294 734 515 816 Metaphoram
531 742 675 815 quaeest
698 733 888 817 ἀλλότριον
911 735 1002 817 ἀμάν
1025 734 1132 816 θέρος
1154 736 1288 820 legimus

192 843 225 906 in
248 840 322 922 392,
355 843 409 905 ubi
431 843 623 908 scholiastae
645 845 780 908 nondum
804 852 968 925 annotant,
1002 864 1071 909 eam
1091 865 1162 910 csse
1183 847 1290 928 vulga·

193 972 268 1015 rem.
321 951 538 1033 Diogenianus
572 961 677 1017 antem
710 974 779 1017 eam
800 956 868 1036 jam
891 955 1053 1037 proverbii
1075 955 1148 1018 loco
1170 955 1289 1037 habuit,

166 1082 170 1089 ’
192 1060 233 1141 ΙΙ,
255 1059 308 1123 75:
342 1059 388 1121 ἐπὶ
414 1065 472 1121 τῶν
494 1060 766 1143 κατολιγωρούντων
793 1062 822 1123 ἐν
844 1066 903 1130 τοῖς
925 1062 1087 1145 ἀλλοτρίοις
1107 1062 1126 1144 ἢ
1148 1063 1184 1125 τὰ
1205 1062 1288 1126 ἀλλά-

192 1191 254 1251 τμια
277 1167 495 1252 καρπουμένων.
534 1170 675 1234 Eandem
695 1172 887 1237 locutionem
908 1172 1140 1256 Aristophanes
1162 1175 1194 1237 in
1218 1193 1288 1256 equ.

191 1276 254 1340 292
275 1279 421 1360 tetigisse
442 1280 577 1359 videtur,
601 1280 710 1344 dicens
733 1280 872 1365 ἀλλότρια
893 1282 984 1342 τοίνυν
1006 1280 1125 1365 σοφίζει.

291 1388 482 1472 Hnjnsmodi
516 1390 720 1472 metaphorae
752 1390 929 1475 permultae
962 1396 1047 1472 sunt,
1080 1410 1159 1472 quas
1185 1391 1291 1454 locum

191 1498 354 1581 proverbii
375 1497 551 1561 obtinuisse
565 1484 844 1583 paroemiographi
860 1505 1006 1563 auctores
1029 1507 1114 1581 sunt3
1138 1501 1225 1564 velut
1239 1522 1289 1583 ap.

191 1606 285 1689 Diog.
307 1606 354 1686 II,
381 1605 422 1669 62
444 1614 476 1671 et
498 1607 536 1671 G.
560 1606 595 1670 0.
619 1607 661 1670 M.
684 1609 709 1687 Ι,
732 1606 786 1669 53:
812 1605 898 1669 ἄλλοι
923 1606 975 1688 μὲν
997 1607 1170 1690 σπείρουσιν,
1204 1605 1291 1670 ἄλλοι

191 1715 218 1775 δ’
240 1713 408 1799 ἀμήσονται,
431 1735 514 1798 quae
533 1718 633 1779 verba
655 1715 818 1780 Nanckins
841 1716 873 1778 in
896 1715 1092 1782 Schneidcw.
1130 1717 1289 1799 Philolog.

189 1825 232 1905 ΙΙ,
257 1822 317 1887 158
338 1825 385 1888 sic
407 1825 656 1907 redintegranda
677 1845 748 1889 esse
770 1826 949 1889 inversum
971 1832 1075 1910 putat:
1103 1822 1206 1887 ἄλλοι
1228 1825 1289 1906 μὲν

190 1935 379 2018 σπείρουσ’,
403 1931 506 1996 ἄλλοι
528 1933 565 1996 δέ
588 1936 659 1996 ποτ’
682 1934 889 2017 ἀμήσονται,
910 1936 972 1999 vel.
996 1955 1046 2019 ap.
1068 1935 1161 2017 Diog.
1184 1934 1226 2015 ΙΙ,
1250 1933 1290 1996 13

190 2044 354 2108 etZenob.
378 2045 402 2124 I,
418 2042 471 2106 65:
496 2042 600 2127 ἄλλοι
623 2044 751 2125 κάμον,
775 2040 883 2104 ἄλλοι
906 2042 1054 2104 ὤναντο·
1078 2041 1124 2104 ἐπὶ
1146 2046 1202 2103 τῶν
1223 2044 1290 2124 παρ’

189 2152 294 2215 ἐλπίδα
329 2150 365 2213 τὰ
396 2151 534 2235 ἀλλότριοι
566 2153 832 2235 κληρονομούντων.
887 2153 924 2215 In
955 2152 1034 2217 Hes.
1068 2154 1191 2235 Theog.
1213 2151 1289 2215 599:

189 2262 215 2323 ot
238 2263 264 2323 δ’
281 2310 287 2320 .
304 2312 336 2326 ..
363 2260 515 2341 ἀλλότριον
537 2264 666 2345 κάματον
688 2260 830 2345 σφετέρην
855 2260 884 2327 ἐς
905 2260 1022 2345 γαστέρ’
1045 2261 1183 2344 ἀμῶνται.
1228 2264 1289 2346 Δρ.

189 2392 301 2454 evang.
325 2371 438 2436 March.
462 2371 568 2453 XXV,
590 2369 644 2435 24:
677 2367 777 2454 Κύριε,
811 2368 902 2452 ἔγνων
929 2395 962 2433 σε
985 2369 1028 2433 ὅτι
1049 2371 1175 2454 σκληρὸς
1197 2368 1225 2431 sl
1243 2369 1290 2432 ἀν-

188 2482 318 2566 θρωπος,
340 2480 460 2563 θερίζων
483 2478 556 2542 ὅπου
579 2479 631 2542 οὐκ
648 2477 791 2561 ἔσπειρας,
814 2479 860 2540 καὶ
876 2482 1007 2561 συνάγων
1023 2479 1091 2541 ὅθεν
1113 2480 1146 2541 οὐ
1163 2478 1289 2562 διεσκόρ-

193 2613 286 2658 πισας.
332 2589 458 2654 Similes
490 2590 667 2653 locutiones
701 2588 796 2652 etiam
827 2589 911 2672 apud
932 2589 1092 2653 Romanos
1119 2598 1203 2651 sunt:
1238 2609 1289 2672 ap.

191 2701 294 2764 Plaut.
317 2699 411 2783 Epid.
434 2699 474 2780 ΙΙ,
496 2697 580 2779 2,8Ο;
609 2698 683 2761 mihi
707 2698 780 2761 istic
807 2718 865 2761 nec
898 2699 1026 2779 seritur,
1059 2718 1117 2762 nec
1151 2698 1287 2761 motitur.

192 2810 293 2873 Plant.
309 2809 408 2872 Mero.
425 2808 505 2891 prol.
522 2806 576 2871 73:
598 2807 657 2870 tibi
681 2825 764 2888 aras,
786 2808 846 2870 tihi
868 2807 957 2885 seris,
978 2808 1038 2871 tibi
1060 2806 1163 2872 eidem
1185 2807 1287 2871 met-is.

196 2917 261 2980 Cic.
282 2917 335 2983 Or.
360 2917 401 2990 Il,
424 2915 478 2980 65:
503 2925 537 2980 ut
559 2923 728 2980 sementem
751 2915 867 2979 feceris
888 2917 935 2980 ita
956 2923 1064 2981 metes.
1088 2916 1157 2979 Liv.
1179 2916 1220 2996 X,
1232 2914 1287 2979 24:

194 3025 322 3110 Fabius,
353 3046 447 3109 qnam
477 3027 624 3089 arborem
648 3025 858 3105 consevisset,
892 3027 950 3089 suh
983 3045 1022 3090 ea
1052 3026 1161 3108 legere
1193 3026 1287 3088 alium

190 3134 335 3218 fructum,
357 3136 520 3217 indignum
542 3154 613 3199 esse
636 3134 752 3201 dicere.
789 3134 951 3214 Videmus,
975 3134 1181 3217 metaphoras
1204 3156 1223 3197 a
1244 3154 1290 3198 se·

188 3245 289 3309 rende
313 3252 346 3309 ct
366 3244 514 3309 metendo
536 3244 710 3307 translatas
733 3243 942 3307 creberrimas
965 3262 1049 3324 essa,
1073 3263 1204 3326 quarum
1225 3262 1289 3305 non

187 3373 311 3439 pancas
339 3355 373 3417 in
409 3354 571 3436 proverbii
588 3353 676 3417 'loco
709 3352 873 3416 habendas
904 3371 975 3416 esse
1009 3352 1288 3437 paroemiographi

187 3463 316 3528 docent.
350 3461 553 3545 Quapropter
575 3463 670 3526 etiam
692 3467 834 3524 nostram
847 3460 1038 3525 locutionem
1055 3461 1289 3544 proverbialem

186 3591 270 3654 esse,
292 3570 524 3650 affirmaverim,
547 3572 691 3654 quamvis
714 3590 792 3634 unns
808 3577 928 3634 tantum
951 3576 1063 3634 auctor
1084 3575 1196 3650 exstet,
1217 3569 1290 3633 Dio·

185 3681 354 3766 genianus

291 3790 404 3855 Altera
435 3789 557 3852 locutio
593 3788 633 3850 ab
666 3788 862 3870 agricultura
892 3787 1040 3872 prolecta
1072 3792 1122 3851 est
1153 3785 1192 3847 οὐ
1225 3784 1288 3870 γὰρ

187 3899 352 3981 ἄκανθαι,
376 3899 415 3962 de
438 3919 500 3981 qua
522 3896 702 3980 Hesychius
724 3897 803 3960 haec
826 3898 996 3961 memoriae
1019 3895 1173 3979 prodidit:
1196 3917 1291 3976 παροι-

187 4009 258 4091 μία·
282 4004 331 4073 Ἀ.
355 4005 467 4089 Σκηνὰς
493 4005 781 4088 καταλαμβανούσαις
811 4006 890 4085 „oot’
916 4003 983 4072 ἴσως
1016 4002 1168 4084 ἀντέλεγες
1196 4004 1290 4086 τούτῳ

185 4123 234 4204 τῷ
266 4117 397 4199 δειπνίῳ·
432 4116 465 4178 οὐ
498 4115 553 4197 γάρ
577 4112 727 4177 dransae
764 4114 802 4177 cs.
827 4116 924 4178 Arist.
952 4114 1056 4197 frgmt.
1080 4110 1141 4174 266
1165 4122 1198 4176 et
1218 4111 1290 4176 407.

187 4229 239 4293 De
262 4229 385 4309 origine
409 4235 441 4290 et
463 4223 695 4306 significatione
717 4224 808 4302 hujus
831 4223 1000 4286 locutionis
1023 4223 1101 4285 haec
1125 4242 1175 4306 ap.
1197 4222 1235 4286 G.
1255 4220 1290 4285 Ο.

188 4339 232 4402 Μ.
258 4335 324 4417 1,21
349 4337 469 4419 scripta
491 4335 633 4417 legimus,
655 4333 709 4395 ubi
730 4333 851 4396 locutio
874 4330 1073 4413 ἀληλεσμένος
1095 4329 1155 4415 βίος
1177 4337 1292 4394 tracta·

187 4456 252 4528 tur,
275 4447 326 4514 cui
349 4445 459 4512 endem
483 4443 642 4508 sententia
663 4443 746 4508 inest
768 4463 806 4509 ac
829 4448 969 4508 nostrae:
999 4439 1195 4526 ἀληλεσμένος
1216 4440 1291 4525 βίος·
