<?xml version="1.0" encoding="UTF-8"?>
<!DOCTYPE html PUBLIC "-//W3C//DTD XHTML 1.0 Transitional//EN"
    "http://www.w3.org/TR/xhtml1/DTD/xhtml1-transitional.dtd">
<html xmlns="http://www.w3.org/1999/xhtml" xml:lang="en" lang="en">
 <head>
  <title>
</title>
<meta http-equiv="Content-Type" content="text/html;charset=utf-8" />
  <meta name='ocr-system' content='tesseract 3.04.00' />
  <meta name='ocr-capabilities' content='ocr_page ocr_carea ocr_par ocr_line ocrx_word'/>
</head>
<body>
  <div class='ocr_page' id='page_1' title='image "./deproverbiisali01baucgoog_0060.png"; bbox 0 0 3100 4974; ppageno 0'>
   <div class='ocr_carea' id='block_1_1' title="bbox 714 256 753 320">
    <p class='ocr_par' dir='ltr' id='par_1_1' title="bbox 714 256 753 320">
     <span class='ocr_line' id='line_1_1' title="bbox 714 256 753 320; baseline 0 0"><span class='ocrx_word' id='word_1_1' title='bbox 714 256 753 320; x_wconf 74' lang='lat'>51</span> 
     </span>
    </p>
   </div>
   <div class='ocr_carea' id='block_1_2' title="bbox 181 455 1286 2389">
    <p class='ocr_par' dir='ltr' id='par_1_2' title="bbox 181 455 1286 2389">
     <span class='ocr_line' id='line_1_2' title="bbox 187 455 1284 545; baseline -0.004 -20"><span class='ocrx_word' id='word_1_2' title='bbox 187 459 299 525; x_wconf 87' lang='lat' dir='ltr'>Samos</span> <span class='ocrx_word' id='word_1_3' title='bbox 320 459 424 524; x_wconf 89' lang='lat' dir='ltr'>insola</span> <span class='ocrx_word' id='word_1_4' title='bbox 453 481 493 524; x_wconf 89' lang='lat' dir='ltr'>an</span> <span class='ocrx_word' id='word_1_5' title='bbox 519 460 648 525; x_wconf 81' lang='lat' dir='ltr'>Miletus</span> <span class='ocrx_word' id='word_1_6' title='bbox 683 460 847 545; x_wconf 91' lang='lat' dir='ltr'>oppidum,</span> <span class='ocrx_word' id='word_1_7' title='bbox 881 458 1008 523; x_wconf 84' lang='lat' dir='ltr'>variant</span> <span class='ocrx_word' id='word_1_8' title='bbox 1041 455 1284 523; x_wconf 87' lang='lat' dir='ltr'>scholiastarum</span> 
     </span>
     <span class='ocr_line' id='line_1_3' title="bbox 187 566 1284 652; baseline -0.003 -19"><span class='ocrx_word' id='word_1_9' title='bbox 187 570 364 634; x_wconf 85' lang='lat' dir='ltr'>sententiae</span> <span class='ocrx_word' id='word_1_10' title='bbox 387 568 427 632; x_wconf 88' lang='lat' dir='ltr'>ad</span> <span class='ocrx_word' id='word_1_11' title='bbox 449 588 520 652; x_wconf 85' lang='lat' dir='ltr'>pac.</span> <span class='ocrx_word' id='word_1_12' title='bbox 543 566 615 630; x_wconf 77' lang='lat'><strong>362.</strong></span> <span class='ocrx_word' id='word_1_13' title='bbox 673 568 743 646; x_wconf 86' lang='lat' dir='ltr'>Quo</span> <span class='ocrx_word' id='word_1_14' title='bbox 770 569 842 632; x_wconf 94' lang='lat' dir='ltr'>loco</span> <span class='ocrx_word' id='word_1_15' title='bbox 864 567 1096 650; x_wconf 80' lang='lat' dir='ltr'>Aristophanes</span> <span class='ocrx_word' id='word_1_16' title='bbox 1118 568 1209 649; x_wconf 90' lang='lat' dir='ltr'>hujus</span> <span class='ocrx_word' id='word_1_17' title='bbox 1231 568 1284 631; x_wconf 83' lang='lat' dir='ltr'>ho</span> 
     </span>
     <span class='ocr_line' id='line_1_4' title="bbox 186 675 1284 758; baseline -0.001 -18"><span class='ocrx_word' id='word_1_18' title='bbox 186 677 279 741; x_wconf 88' lang='lat' dir='ltr'>minis</span> <span class='ocrx_word' id='word_1_19' title='bbox 300 679 332 740; x_wconf 91' lang='lat' dir='ltr'>in</span> <span class='ocrx_word' id='word_1_20' title='bbox 355 678 416 741; x_wconf 89' lang='lat' dir='ltr'>hoc</span> <span class='ocrx_word' id='word_1_21' title='bbox 443 678 668 741; x_wconf 89' lang='lat' dir='ltr'>sententiarum</span> <span class='ocrx_word' id='word_1_22' title='bbox 703 697 824 741; x_wconf 84' lang='lat' dir='ltr'>conexu</span> <span class='ocrx_word' id='word_1_23' title='bbox 857 677 1047 741; x_wconf 89' lang='lat' dir='ltr'>mentionem</span> <span class='ocrx_word' id='word_1_24' title='bbox 1079 675 1169 740; x_wconf 86' lang='lat' dir='ltr'>lacit:</span> <span class='ocrx_word' id='word_1_25' title='bbox 1208 676 1284 758; x_wconf 82' lang='lat' dir='ltr'>Try·</span> 
     </span>
     <span class='ocr_line' id='line_1_5' title="bbox 185 784 1283 870; baseline -0.001 -20"><span class='ocrx_word' id='word_1_26' title='bbox 185 805 293 868; x_wconf 88' lang='lat' dir='ltr'>gaeus,</span> <span class='ocrx_word' id='word_1_27' title='bbox 316 786 370 867; x_wconf 91' lang='lat' dir='ltr'>qui</span> <span class='ocrx_word' id='word_1_28' title='bbox 386 786 503 850; x_wconf 88' lang='lat' dir='ltr'>Pacem</span> <span class='ocrx_word' id='word_1_29' title='bbox 515 785 605 850; x_wconf 88' lang='lat' dir='ltr'>deam</span> <span class='ocrx_word' id='word_1_30' title='bbox 617 786 784 850; x_wconf 72' lang='lat' dir='ltr'>ruderibus</span> <span class='ocrx_word' id='word_1_31' title='bbox 803 786 963 850; x_wconf 77' lang='lat' dir='ltr'>obtectam</span> <span class='ocrx_word' id='word_1_32' title='bbox 980 804 1126 870; x_wconf 82' lang='lat' dir='ltr'>promere</span> <span class='ocrx_word' id='word_1_33' title='bbox 1146 784 1283 866; x_wconf 89' lang='lat' dir='ltr'>volebat,</span> 
     </span>
     <span class='ocr_line' id='line_1_6' title="bbox 187 892 1286 976; baseline -0.003 -18"><span class='ocrx_word' id='word_1_34' title='bbox 187 895 390 958; x_wconf 88' lang='lat' dir='ltr'>aMercurio</span> <span class='ocrx_word' id='word_1_35' title='bbox 412 895 462 957; x_wconf 92' lang='lat' dir='ltr'>his</span> <span class='ocrx_word' id='word_1_36' title='bbox 485 895 591 958; x_wconf 86' lang='lat' dir='ltr'>verbis</span> <span class='ocrx_word' id='word_1_37' title='bbox 612 895 803 976; x_wconf 86' lang='lat' dir='ltr'>increpitus:</span> <span class='ocrx_word' id='word_1_38' title='bbox 837 896 862 958; x_wconf 82' lang='grc' dir='ltr'>ὦ</span> <span class='ocrx_word' id='word_1_39' title='bbox 896 894 979 976; x_wconf 83' lang='grc' dir='ltr'>μιαρὲ</span> <span class='ocrx_word' id='word_1_40' title='bbox 1010 893 1058 955; x_wconf 81' lang='grc' dir='ltr'>καὶ</span> <span class='ocrx_word' id='word_1_41' title='bbox 1084 892 1225 976; x_wconf 70' lang='grc' dir='ltr'>τολμηρὲ,</span> <span class='ocrx_word' id='word_1_42' title='bbox 1258 893 1286 955; x_wconf 85' lang='grc' dir='ltr'>τί</span> 
     </span>
     <span class='ocr_line' id='line_1_7' title="bbox 185 996 1283 1085; baseline -0.002 -20"><span class='ocrx_word' id='word_1_43' title='bbox 185 1007 275 1065; x_wconf 84' lang='grc' dir='ltr'>ποιεῖν</span> <span class='ocrx_word' id='word_1_44' title='bbox 295 1003 413 1085; x_wconf 79' lang='grc' dir='ltr'>διανοεῖ;</span> <span class='ocrx_word' id='word_1_45' title='bbox 431 1003 614 1084; x_wconf 80' lang='lat' dir='ltr'>respondet:</span> <span class='ocrx_word' id='word_1_46' title='bbox 638 1002 723 1065; x_wconf 79' lang='grc' dir='ltr'>οὐδὲν</span> <span class='ocrx_word' id='word_1_47' title='bbox 745 1003 870 1085; x_wconf 78' lang='grc' dir='ltr'>πονηρὸν</span> <span class='ocrx_word' id='word_1_48' title='bbox 886 1002 952 1064; x_wconf 76' lang='grc' dir='ltr'>ἀλλ’</span> <span class='ocrx_word' id='word_1_49' title='bbox 976 1001 1067 1084; x_wconf 80' lang='grc' dir='ltr'>ὅπερ</span> <span class='ocrx_word' id='word_1_50' title='bbox 1089 1001 1146 1063; x_wconf 84' lang='grc' dir='ltr'>καλ</span> <span class='ocrx_word' id='word_1_51' title='bbox 1168 996 1283 1064; x_wconf 80' lang='grc' dir='ltr'>Κιλλι·</span> 
     </span>
     <span class='ocr_line' id='line_1_8' title="bbox 186 1110 1283 1196; baseline -0.001 -22"><span class='ocrx_word' id='word_1_52' title='bbox 186 1115 264 1174; x_wconf 85' lang='grc' dir='ltr'>κῶν.</span> <span class='ocrx_word' id='word_1_53' title='bbox 310 1110 399 1188; x_wconf 81' lang='lat' dir='ltr'>Quae</span> <span class='ocrx_word' id='word_1_54' title='bbox 422 1113 463 1174; x_wconf 89' lang='lat' dir='ltr'>ad</span> <span class='ocrx_word' id='word_1_55' title='bbox 485 1114 585 1176; x_wconf 88' lang='lat' dir='ltr'>verba</span> <span class='ocrx_word' id='word_1_56' title='bbox 614 1112 806 1196; x_wconf 81' lang='lat' dir='ltr'>explicanda</span> <span class='ocrx_word' id='word_1_57' title='bbox 834 1111 996 1175; x_wconf 88' lang='lat' dir='ltr'>afferenda</span> <span class='ocrx_word' id='word_1_58' title='bbox 1019 1116 1102 1191; x_wconf 91' lang='lat' dir='ltr'>sunt,</span> <span class='ocrx_word' id='word_1_59' title='bbox 1136 1131 1218 1193; x_wconf 90' lang='lat' dir='ltr'>quae</span> <span class='ocrx_word' id='word_1_60' title='bbox 1250 1111 1283 1173; x_wconf 93' lang='lat' dir='ltr'>in</span> 
     </span>
     <span class='ocr_line' id='line_1_9' title="bbox 184 1217 1283 1303; baseline -0.004 -19"><span class='ocrx_word' id='word_1_61' title='bbox 184 1219 316 1284; x_wconf 82' lang='lat' dir='ltr'>scholiis</span> <span class='ocrx_word' id='word_1_62' title='bbox 332 1220 371 1283; x_wconf 83' lang='lat' dir='ltr'>de</span> <span class='ocrx_word' id='word_1_63' title='bbox 383 1219 540 1285; x_wconf 79' lang='lat' dir='ltr'>(lillicone</span> <span class='ocrx_word' id='word_1_64' title='bbox 554 1220 715 1303; x_wconf 82' lang='lat' dir='ltr'>leguntur:</span> <span class='ocrx_word' id='word_1_65' title='bbox 738 1217 1018 1301; x_wconf 70' lang='grc' dir='ltr'>πυνθανομένωνδὲ</span> <span class='ocrx_word' id='word_1_66' title='bbox 1038 1221 1179 1287; x_wconf 78' lang='grc' dir='ltr'>πολλάκις</span> <span class='ocrx_word' id='word_1_67' title='bbox 1194 1219 1283 1282; x_wconf 79' lang='grc' dir='ltr'>αὐτοῦ</span> 
     </span>
     <span class='ocr_line' id='line_1_10' title="bbox 183 1325 1284 1410; baseline -0.001 -21"><span class='ocrx_word' id='word_1_68' title='bbox 183 1351 269 1390; x_wconf 91' lang='grc' dir='ltr'>τινων</span> <span class='ocrx_word' id='word_1_69' title='bbox 292 1327 319 1389; x_wconf 85' lang='grc' dir='ltr'>τί</span> <span class='ocrx_word' id='word_1_70' title='bbox 338 1327 439 1410; x_wconf 80' lang='grc' dir='ltr'>μέλλει</span> <span class='ocrx_word' id='word_1_71' title='bbox 460 1332 565 1409; x_wconf 79' lang='grc' dir='ltr'>ποιεῖν,</span> <span class='ocrx_word' id='word_1_72' title='bbox 599 1325 684 1409; x_wconf 73' lang='grc' dir='ltr'>ἔλεγε</span> <span class='ocrx_word' id='word_1_73' title='bbox 717 1329 829 1409; x_wconf 58' lang='grc' dir='ltr'>,πάντα</span> <span class='ocrx_word' id='word_1_74' title='bbox 856 1328 980 1410; x_wconf 74' lang='grc' dir='ltr'>ἀ·ραθοὶ“</span> <span class='ocrx_word' id='word_1_75' title='bbox 1034 1329 1122 1390; x_wconf 81' lang='grc' dir='ltr'>εἰπὼν</span> <span class='ocrx_word' id='word_1_76' title='bbox 1145 1328 1178 1390; x_wconf 78' lang='grc' dir='ltr'>δὲ</span> <span class='ocrx_word' id='word_1_77' title='bbox 1200 1327 1284 1390; x_wconf 77' lang='grc' dir='ltr'>οὐδὲν</span> 
     </span>
     <span class='ocr_line' id='line_1_11' title="bbox 183 1432 1283 1519; baseline -0.001 -21"><span class='ocrx_word' id='word_1_78' title='bbox 183 1435 310 1519; x_wconf 78' lang='grc' dir='ltr'>πονηρὸν</span> <span class='ocrx_word' id='word_1_79' title='bbox 332 1435 411 1519; x_wconf 79' lang='grc' dir='ltr'>παρὰ</span> <span class='ocrx_word' id='word_1_80' title='bbox 433 1437 604 1517; x_wconf 81' lang='grc' dir='ltr'>προςδοιιίαν</span> <span class='ocrx_word' id='word_1_81' title='bbox 619 1436 756 1518; x_wconf 73' lang='grc' dir='ltr'>’ἐπήγαγε</span> <span class='ocrx_word' id='word_1_82' title='bbox 777 1436 811 1499; x_wconf 83' lang='grc' dir='ltr'>τὸ</span> <span class='ocrx_word' id='word_1_83' title='bbox 833 1436 917 1517; x_wconf 77' lang='grc' dir='ltr'>,,οἰλλ’</span> <span class='ocrx_word' id='word_1_84' title='bbox 940 1435 1011 1517; x_wconf 74' lang='grc' dir='ltr'>ὅπερ</span> <span class='ocrx_word' id='word_1_85' title='bbox 1040 1436 1086 1499; x_wconf 79' lang='grc' dir='ltr'>καὶ</span> <span class='ocrx_word' id='word_1_86' title='bbox 1111 1432 1283 1517; x_wconf 44' lang='grc' dir='ltr'>Κιλλικῶνθι,</span> 
     </span>
     <span class='ocr_line' id='line_1_12' title="bbox 183 1542 1284 1629; baseline 0 -21"><span class='ocrx_word' id='word_1_87' title='bbox 183 1548 226 1612; x_wconf 80' lang='grc' dir='ltr'>ὡς</span> <span class='ocrx_word' id='word_1_88' title='bbox 248 1544 273 1607; x_wconf 79' lang='grc' dir='ltr'>εἰ</span> <span class='ocrx_word' id='word_1_89' title='bbox 294 1542 370 1608; x_wconf 77' lang='grc' dir='ltr'>εἶπεν</span> <span class='ocrx_word' id='word_1_90' title='bbox 393 1545 478 1608; x_wconf 81' lang='grc' dir='ltr'>οὐδὲν</span> <span class='ocrx_word' id='word_1_91' title='bbox 503 1545 591 1607; x_wconf 86' lang='grc' dir='ltr'>κακὸν</span> <span class='ocrx_word' id='word_1_92' title='bbox 613 1551 688 1608; x_wconf 84' lang='grc' dir='ltr'>ποιῶ</span> <span class='ocrx_word' id='word_1_93' title='bbox 711 1547 778 1606; x_wconf 84' lang='grc' dir='ltr'>ἀλλ’</span> <span class='ocrx_word' id='word_1_94' title='bbox 801 1546 953 1627; x_wconf 82' lang='grc' dir='ltr'>ἱεροσυλῶ.</span> <span class='ocrx_word' id='word_1_95' title='bbox 986 1546 1066 1610; x_wconf 86' lang='lat' dir='ltr'>Inde</span> <span class='ocrx_word' id='word_1_96' title='bbox 1081 1546 1284 1629; x_wconf 84' lang='lat' dir='ltr'>proverbium</span> 
     </span>
     <span class='ocr_line' id='line_1_13' title="bbox 184 1651 1284 1737; baseline -0.001 -18"><span class='ocrx_word' id='word_1_97' title='bbox 184 1662 291 1719; x_wconf 89' lang='lat' dir='ltr'>ortum</span> <span class='ocrx_word' id='word_1_98' title='bbox 312 1660 362 1717; x_wconf 89' lang='lat' dir='ltr'>est</span> <span class='ocrx_word' id='word_1_99' title='bbox 383 1652 500 1734; x_wconf 73' lang='grc' dir='ltr'>ἀγαθὰ</span> <span class='ocrx_word' id='word_1_100' title='bbox 523 1651 715 1730; x_wconf 79' lang='grc' dir='ltr'>Κιλλικῶν,</span> <span class='ocrx_word' id='word_1_101' title='bbox 749 1674 799 1737; x_wconf 91' lang='lat' dir='ltr'>ap.</span> <span class='ocrx_word' id='word_1_102' title='bbox 824 1653 942 1718; x_wconf 88' lang='lat' dir='ltr'>Zenob.</span> <span class='ocrx_word' id='word_1_103' title='bbox 965 1654 989 1735; x_wconf 92' lang='lat' dir='ltr'>l,</span> <span class='ocrx_word' id='word_1_104' title='bbox 1012 1652 1040 1733; x_wconf 86' lang='lat'>3,</span> <span class='ocrx_word' id='word_1_105' title='bbox 1074 1654 1159 1737; x_wconf 91' lang='lat' dir='ltr'>qnod</span> <span class='ocrx_word' id='word_1_106' title='bbox 1183 1654 1222 1718; x_wconf 89' lang='lat' dir='ltr'>de</span> <span class='ocrx_word' id='word_1_107' title='bbox 1243 1654 1284 1718; x_wconf 91' lang='lat' dir='ltr'>iis</span> 
     </span>
     <span class='ocr_line' id='line_1_14' title="bbox 185 1762 1284 1847; baseline 0 -21"><span class='ocrx_word' id='word_1_108' title='bbox 185 1763 361 1842; x_wconf 80' lang='lat' dir='ltr'>dicebatur,</span> <span class='ocrx_word' id='word_1_109' title='bbox 384 1764 437 1844; x_wconf 89' lang='lat' dir='ltr'>qui</span> <span class='ocrx_word' id='word_1_110' title='bbox 452 1763 537 1826; x_wconf 90' lang='lat' dir='ltr'>mala</span> <span class='ocrx_word' id='word_1_111' title='bbox 551 1762 662 1829; x_wconf 86' lang='lat' dir='ltr'>fraude</span> <span class='ocrx_word' id='word_1_112' title='bbox 677 1763 808 1826; x_wconf 83' lang='lat' dir='ltr'>divitias</span> <span class='ocrx_word' id='word_1_113' title='bbox 824 1771 999 1847; x_wconf 77' lang='lat' dir='ltr'>captarent,</span> <span class='ocrx_word' id='word_1_114' title='bbox 1022 1762 1284 1845; x_wconf 85' lang='lat' dir='ltr'>quemadmodum</span> 
     </span>
     <span class='ocr_line' id='line_1_15' title="bbox 184 1871 1283 1955; baseline -0.001 -19"><span class='ocrx_word' id='word_1_115' title='bbox 184 1871 302 1936; x_wconf 86' lang='lat' dir='ltr'>Oillico</span> <span class='ocrx_word' id='word_1_116' title='bbox 325 1872 507 1954; x_wconf 88' lang='lat' dir='ltr'>proditione</span> <span class='ocrx_word' id='word_1_117' title='bbox 530 1872 653 1954; x_wconf 85' lang='lat' dir='ltr'>patriae</span> <span class='ocrx_word' id='word_1_118' title='bbox 676 1871 808 1936; x_wconf 85' lang='lat' dir='ltr'>divitias</span> <span class='ocrx_word' id='word_1_119' title='bbox 828 1872 888 1935; x_wconf 89' lang='lat' dir='ltr'>sibi</span> <span class='ocrx_word' id='word_1_120' title='bbox 912 1881 1163 1955; x_wconf 82' lang='lat' dir='ltr'>comparaverat,</span> <span class='ocrx_word' id='word_1_121' title='bbox 1185 1878 1220 1935; x_wconf 90' lang='lat' dir='ltr'>ut</span> <span class='ocrx_word' id='word_1_122' title='bbox 1234 1892 1283 1936; x_wconf 86' lang='lat' dir='ltr'>ex·</span> 
     </span>
     <span class='ocr_line' id='line_1_16' title="bbox 186 1979 1283 2063; baseline 0.004 -20"><span class='ocrx_word' id='word_1_123' title='bbox 186 1979 289 2063; x_wconf 82' lang='lat' dir='ltr'>plicat</span> <span class='ocrx_word' id='word_1_124' title='bbox 311 1980 351 2043; x_wconf 67' lang='lat' dir='ltr'>G·</span> <span class='ocrx_word' id='word_1_125' title='bbox 375 1980 410 2044; x_wconf 83' lang='lat' dir='ltr'>C.</span> <span class='ocrx_word' id='word_1_126' title='bbox 434 1981 476 2043; x_wconf 92' lang='lat' dir='ltr'>M.</span> <span class='ocrx_word' id='word_1_127' title='bbox 499 1980 524 2053; x_wconf 94' lang='lat' dir='ltr'>I,</span> <span class='ocrx_word' id='word_1_128' title='bbox 545 1980 580 2043; x_wconf 66' lang='lat'>5:</span> <span class='ocrx_word' id='word_1_129' title='bbox 613 1980 736 2042; x_wconf 80' lang='grc' dir='ltr'>ἐπὶτῶν</span> <span class='ocrx_word' id='word_1_130' title='bbox 759 1979 793 2042; x_wconf 77' lang='grc' dir='ltr'>οὐ</span> <span class='ocrx_word' id='word_1_131' title='bbox 817 1984 915 2048; x_wconf 83' lang='grc' dir='ltr'>καλῶς</span> <span class='ocrx_word' id='word_1_132' title='bbox 947 1979 1160 2045; x_wconf 81' lang='grc' dir='ltr'>πλουτούντων.</span> <span class='ocrx_word' id='word_1_133' title='bbox 1214 1981 1283 2047; x_wconf 84' lang='lat' dir='ltr'>Nec</span> 
     </span>
     <span class='ocr_line' id='line_1_17' title="bbox 183 2086 1283 2174; baseline 0 -21"><span class='ocrx_word' id='word_1_134' title='bbox 183 2099 289 2153; x_wconf 88' lang='lat' dir='ltr'>tamen</span> <span class='ocrx_word' id='word_1_135' title='bbox 301 2089 526 2173; x_wconf 86' lang='lat' dir='ltr'>Aristophanis</span> <span class='ocrx_word' id='word_1_136' title='bbox 547 2090 648 2153; x_wconf 85' lang='lat' dir='ltr'>verba</span> <span class='ocrx_word' id='word_1_137' title='bbox 665 2089 733 2172; x_wconf 84' lang='lat' dir='ltr'>jam</span> <span class='ocrx_word' id='word_1_138' title='bbox 756 2088 797 2153; x_wconf 87' lang='lat' dir='ltr'>ad</span> <span class='ocrx_word' id='word_1_139' title='bbox 816 2089 1021 2174; x_wconf 88' lang='lat' dir='ltr'>proverbium</span> <span class='ocrx_word' id='word_1_140' title='bbox 1036 2086 1204 2173; x_wconf 88' lang='lat' dir='ltr'>pertinere,</span> <span class='ocrx_word' id='word_1_141' title='bbox 1227 2090 1283 2155; x_wconf 90' lang='lat' dir='ltr'>sed</span> 
     </span>
     <span class='ocr_line' id='line_1_18' title="bbox 181 2197 1285 2283; baseline 0 -21"><span class='ocrx_word' id='word_1_142' title='bbox 181 2197 224 2262; x_wconf 91' lang='lat' dir='ltr'>ad</span> <span class='ocrx_word' id='word_1_143' title='bbox 246 2219 297 2278; x_wconf 90' lang='lat' dir='ltr'>ea,</span> <span class='ocrx_word' id='word_1_144' title='bbox 326 2218 408 2280; x_wconf 91' lang='lat' dir='ltr'>quac</span> <span class='ocrx_word' id='word_1_145' title='bbox 430 2199 526 2279; x_wconf 80' lang='lat' dir='ltr'>vulgo</span> <span class='ocrx_word' id='word_1_146' title='bbox 549 2198 589 2261; x_wconf 92' lang='lat' dir='ltr'>de</span> <span class='ocrx_word' id='word_1_147' title='bbox 612 2198 769 2263; x_wconf 78' lang='lat' dir='ltr'>Gillicone</span> <span class='ocrx_word' id='word_1_148' title='bbox 791 2207 920 2270; x_wconf 86' lang='lat' dir='ltr'>narrata</span> <span class='ocrx_word' id='word_1_149' title='bbox 942 2199 1018 2280; x_wconf 91' lang='lat' dir='ltr'>sint,</span> <span class='ocrx_word' id='word_1_150' title='bbox 1052 2200 1135 2264; x_wconf 90' lang='lat' dir='ltr'>unde</span> <span class='ocrx_word' id='word_1_151' title='bbox 1157 2207 1285 2283; x_wconf 79' lang='lat' dir='ltr'>prover-</span> 
     </span>
     <span class='ocr_line' id='line_1_19' title="bbox 182 2309 639 2389; baseline -0.002 -18"><span class='ocrx_word' id='word_1_152' title='bbox 182 2309 269 2371; x_wconf 89' lang='lat' dir='ltr'>bium</span> <span class='ocrx_word' id='word_1_153' title='bbox 292 2314 395 2370; x_wconf 89' lang='lat' dir='ltr'>ortum</span> <span class='ocrx_word' id='word_1_154' title='bbox 417 2313 474 2387; x_wconf 90' lang='lat' dir='ltr'>est,</span> <span class='ocrx_word' id='word_1_155' title='bbox 497 2313 639 2389; x_wconf 89' lang='lat' dir='ltr'>apparet.</span> 
     </span>
    </p>
   </div>
   <div class='ocr_carea' id='block_1_3' title="bbox 125 2430 1285 4343">
    <p class='ocr_par' dir='ltr' id='par_1_3' title="bbox 184 2430 1285 2732">
     <span class='ocr_line' id='line_1_20' title="bbox 282 2430 1284 2514; baseline 0.001 -19"><span class='ocrx_word' id='word_1_156' title='bbox 282 2432 421 2514; x_wconf 88' lang='lat' dir='ltr'>Propter</span> <span class='ocrx_word' id='word_1_157' title='bbox 436 2431 584 2495; x_wconf 86' lang='lat' dir='ltr'>eximiam</span> <span class='ocrx_word' id='word_1_158' title='bbox 600 2431 766 2495; x_wconf 87' lang='lat' dir='ltr'>stultitiam</span> <span class='ocrx_word' id='word_1_159' title='bbox 778 2430 911 2495; x_wconf 84' lang='lat' dir='ltr'>infames</span> <span class='ocrx_word' id='word_1_160' title='bbox 926 2438 1017 2496; x_wconf 88' lang='lat' dir='ltr'>erant</span> <span class='ocrx_word' id='word_1_161' title='bbox 1034 2431 1284 2512; x_wconf 88' lang='lat' dir='ltr'>Mammacythus</span> 
     </span>
     <span class='ocr_line' id='line_1_21' title="bbox 184 2540 1285 2621; baseline 0 -16"><span class='ocrx_word' id='word_1_162' title='bbox 184 2550 218 2605; x_wconf 91' lang='lat' dir='ltr'>et</span> <span class='ocrx_word' id='word_1_163' title='bbox 239 2540 423 2621; x_wconf 85' lang='lat' dir='ltr'>Meletides,</span> <span class='ocrx_word' id='word_1_164' title='bbox 453 2552 486 2604; x_wconf 90' lang='lat' dir='ltr'>et</span> <span class='ocrx_word' id='word_1_165' title='bbox 507 2540 655 2604; x_wconf 89' lang='lat' dir='ltr'>mulieres</span> <span class='ocrx_word' id='word_1_166' title='bbox 677 2540 855 2604; x_wconf 81' lang='lat' dir='ltr'>Charixena</span> <span class='ocrx_word' id='word_1_167' title='bbox 878 2546 911 2604; x_wconf 93' lang='lat' dir='ltr'>et</span> <span class='ocrx_word' id='word_1_168' title='bbox 932 2540 1055 2604; x_wconf 88' lang='lat' dir='ltr'>Macco.</span> <span class='ocrx_word' id='word_1_169' title='bbox 1098 2540 1176 2604; x_wconf 88' lang='lat' dir='ltr'>lllos</span> <span class='ocrx_word' id='word_1_170' title='bbox 1198 2551 1285 2605; x_wconf 88' lang='lat' dir='ltr'>nota·</span> 
     </span>
     <span class='ocr_line' id='line_1_22' title="bbox 185 2646 677 2732; baseline -0.006 -18"><span class='ocrx_word' id='word_1_171' title='bbox 185 2658 235 2714; x_wconf 91' lang='lat' dir='ltr'>tos</span> <span class='ocrx_word' id='word_1_172' title='bbox 256 2651 390 2732; x_wconf 85' lang='lat' dir='ltr'>legimus</span> <span class='ocrx_word' id='word_1_173' title='bbox 413 2651 445 2713; x_wconf 92' lang='lat' dir='ltr'>in</span> <span class='ocrx_word' id='word_1_174' title='bbox 467 2670 534 2713; x_wconf 88' lang='lat' dir='ltr'>ran.</span> <span class='ocrx_word' id='word_1_175' title='bbox 557 2646 632 2711; x_wconf 83' lang='lat'>991:</span> <span class='ocrx_word' id='word_1_176' title='bbox 675 2670 677 2681; x_wconf 70' lang='lat'>¹</span> 
     </span>
    </p>

    <p class='ocr_par' dir='ltr' id='par_1_4' title="bbox 534 2781 911 2866">
     <span class='ocr_line' id='line_1_23' title="bbox 534 2781 911 2866; baseline -0.008 -22"><span class='ocrx_word' id='word_1_177' title='bbox 534 2781 608 2849; x_wconf 81' lang='grc' dir='ltr'>τέως</span> <span class='ocrx_word' id='word_1_178' title='bbox 630 2783 655 2844; x_wconf 80' lang='grc' dir='ltr'>δ’</span> <span class='ocrx_word' id='word_1_179' title='bbox 679 2781 911 2866; x_wconf 77' lang='grc' dir='ltr'>ἀβελτερώτατοι</span> 
     </span>
    </p>

    <p class='ocr_par' dir='ltr' id='par_1_5' title="bbox 536 2889 918 2974">
     <span class='ocr_line' id='line_1_24' title="bbox 536 2889 918 2974; baseline -0.003 -22"><span class='ocrx_word' id='word_1_180' title='bbox 536 2889 693 2974; x_wconf 74' lang='grc' dir='ltr'>κεχηνότες</span> <span class='ocrx_word' id='word_1_181' title='bbox 715 2891 918 2974; x_wconf 77' lang='grc' dir='ltr'>Μαμμάκυθοι</span> 
     </span>
    </p>

    <p class='ocr_par' dir='ltr' id='par_1_6' title="bbox 125 2997 1284 3762">
     <span class='ocr_line' id='line_1_25' title="bbox 537 2997 858 3082; baseline 0.009 -22"><span class='ocrx_word' id='word_1_182' title='bbox 537 2997 699 3082; x_wconf 77' lang='grc' dir='ltr'>Μελητίδαι</span> <span class='ocrx_word' id='word_1_183' title='bbox 720 3001 858 3082; x_wconf 79' lang='grc' dir='ltr'>καθῆντο.</span> 
     </span>
     <span class='ocr_line' id='line_1_26' title="bbox 187 3130 1283 3219; baseline 0.003 -25"><span class='ocrx_word' id='word_1_184' title='bbox 187 3133 239 3195; x_wconf 92' lang='lat' dir='ltr'>nbi</span> <span class='ocrx_word' id='word_1_185' title='bbox 272 3132 472 3198; x_wconf 80' lang='lat' dir='ltr'>Gaislordius</span> <span class='ocrx_word' id='word_1_186' title='bbox 506 3130 666 3216; x_wconf 80' lang='grc' dir='ltr'>Μελητίδοιι</span> <span class='ocrx_word' id='word_1_187' title='bbox 697 3155 756 3218; x_wconf 90' lang='lat' dir='ltr'>pro</span> <span class='ocrx_word' id='word_1_188' title='bbox 786 3132 936 3196; x_wconf 77' lang='grc' dir='ltr'>Μελιτίδαι</span> <span class='ocrx_word' id='word_1_189' title='bbox 967 3133 1121 3219; x_wconf 84' lang='lat' dir='ltr'>librorum</span> <span class='ocrx_word' id='word_1_190' title='bbox 1143 3134 1283 3216; x_wconf 80' lang='lat' dir='ltr'>scripsit,</span> 
     </span>
     <span class='ocr_line' id='line_1_27' title="bbox 185 3241 1284 3326; baseline 0 -21"><span class='ocrx_word' id='word_1_191' title='bbox 185 3263 278 3325; x_wconf 88' lang='lat' dir='ltr'>quem</span> <span class='ocrx_word' id='word_1_192' title='bbox 300 3242 482 3307; x_wconf 84' lang='lat' dir='ltr'>Dindorlius</span> <span class='ocrx_word' id='word_1_193' title='bbox 506 3249 634 3307; x_wconf 87' lang='lat' dir='ltr'>secutus</span> <span class='ocrx_word' id='word_1_194' title='bbox 656 3253 714 3307; x_wconf 80' lang='lat' dir='ltr'>est,</span> <span class='ocrx_word' id='word_1_195' title='bbox 759 3244 794 3305; x_wconf 92' lang='lat' dir='ltr'>lu</span> <span class='ocrx_word' id='word_1_196' title='bbox 819 3242 949 3305; x_wconf 88' lang='lat' dir='ltr'>scholiis</span> <span class='ocrx_word' id='word_1_197' title='bbox 966 3241 1119 3326; x_wconf 87' lang='lat' dir='ltr'>Didymus</span> <span class='ocrx_word' id='word_1_198' title='bbox 1141 3242 1220 3306; x_wconf 89' lang='lat' dir='ltr'>hacc</span> <span class='ocrx_word' id='word_1_199' title='bbox 1243 3242 1284 3305; x_wconf 90' lang='lat' dir='ltr'>ad</span> 
     </span>
     <span class='ocr_line' id='line_1_28' title="bbox 125 3343 1284 3436; baseline -0.002 -23"><span class='ocrx_word' id='word_1_200' title='bbox 125 3410 128 3413; x_wconf 85' lang='lat'>.</span> <span class='ocrx_word' id='word_1_201' title='bbox 184 3352 479 3433; x_wconf 85' lang='lat' dir='ltr'>interpretationem</span> <span class='ocrx_word' id='word_1_202' title='bbox 503 3353 628 3417; x_wconf 89' lang='lat' dir='ltr'>illorum</span> <span class='ocrx_word' id='word_1_203' title='bbox 651 3353 809 3416; x_wconf 89' lang='lat' dir='ltr'>nominum</span> <span class='ocrx_word' id='word_1_204' title='bbox 831 3353 976 3436; x_wconf 82' lang='lat' dir='ltr'>praebet:</span> <span class='ocrx_word' id='word_1_205' title='bbox 1014 3350 1057 3412; x_wconf 84' lang='grc' dir='ltr'>ὅτι</span> <span class='ocrx_word' id='word_1_206' title='bbox 1079 3343 1284 3433; x_wconf 73' lang='grc' dir='ltr'>Μαμμάκυθοι</span> 
     </span>
     <span class='ocr_line' id='line_1_29' title="bbox 184 3458 1284 3546; baseline -0.001 -25"><span class='ocrx_word' id='word_1_207' title='bbox 184 3460 231 3522; x_wconf 86' lang='grc' dir='ltr'>καὶ</span> <span class='ocrx_word' id='word_1_208' title='bbox 254 3458 420 3543; x_wconf 62' lang='lat' dir='ltr'>Melania&lt;</span> <span class='ocrx_word' id='word_1_209' title='bbox 441 3461 486 3523; x_wconf 87' lang='grc' dir='ltr'>ἐπὶ</span> <span class='ocrx_word' id='word_1_210' title='bbox 509 3462 602 3546; x_wconf 72' lang='grc' dir='ltr'>μωρίᾳ</span> <span class='ocrx_word' id='word_1_211' title='bbox 624 3461 818 3545; x_wconf 72' lang='grc' dir='ltr'>διεβέβληντο,</span> <span class='ocrx_word' id='word_1_212' title='bbox 841 3461 976 3543; x_wconf 81' lang='grc' dir='ltr'>καθάπερ</span> <span class='ocrx_word' id='word_1_213' title='bbox 1004 3459 1050 3521; x_wconf 90' lang='grc' dir='ltr'>καὶ</span> <span class='ocrx_word' id='word_1_214' title='bbox 1073 3459 1088 3521; x_wconf 80' lang='grc' dir='ltr'>ὁ</span> <span class='ocrx_word' id='word_1_215' title='bbox 1113 3458 1284 3521; x_wconf 82' lang='grc' dir='ltr'>Βουταλίων</span> 
     </span>
     <span class='ocr_line' id='line_1_30' title="bbox 183 3566 1284 3655; baseline -0.003 -23"><span class='ocrx_word' id='word_1_216' title='bbox 183 3570 232 3632; x_wconf 90' lang='grc' dir='ltr'>καὶ</span> <span class='ocrx_word' id='word_1_217' title='bbox 253 3571 268 3631; x_wconf 81' lang='grc' dir='ltr'>ὁ</span> <span class='ocrx_word' id='word_1_218' title='bbox 292 3566 433 3655; x_wconf 81' lang='grc' dir='ltr'>Κόρυβος.</span> <span class='ocrx_word' id='word_1_219' title='bbox 469 3570 858 3653; x_wconf 87' lang='lat' dir='ltr'>Nominaigiturpropria</span> <span class='ocrx_word' id='word_1_220' title='bbox 880 3570 966 3632; x_wconf 86' lang='lat' dir='ltr'>lacta</span> <span class='ocrx_word' id='word_1_221' title='bbox 985 3574 1058 3633; x_wconf 89' lang='lat' dir='ltr'>sunt</span> <span class='ocrx_word' id='word_1_222' title='bbox 1079 3568 1284 3652; x_wconf 82' lang='lat' dir='ltr'>appellativa,</span> 
     </span>
     <span class='ocr_line' id='line_1_31' title="bbox 184 3678 907 3762; baseline -0.004 -19"><span class='ocrx_word' id='word_1_223' title='bbox 184 3700 268 3762; x_wconf 88' lang='lat' dir='ltr'>quae</span> <span class='ocrx_word' id='word_1_224' title='bbox 291 3679 495 3743; x_wconf 87' lang='lat' dir='ltr'>stultissimos</span> <span class='ocrx_word' id='word_1_225' title='bbox 517 3679 658 3748; x_wconf 86' lang='lat' dir='ltr'>hominos</span> <span class='ocrx_word' id='word_1_226' title='bbox 679 3678 907 3761; x_wconf 83' lang='lat' dir='ltr'>significarent.</span> 
     </span>
    </p>

    <p class='ocr_par' dir='ltr' id='par_1_7' title="bbox 185 3782 1284 3978">
     <span class='ocr_line' id='line_1_32' title="bbox 286 3782 1284 3880; baseline -0.002 -13"><span class='ocrx_word' id='word_1_227' title='bbox 286 3804 485 3867; x_wconf 81' lang='lat' dir='ltr'>Oharixenae</span> <span class='ocrx_word' id='word_1_228' title='bbox 518 3803 635 3868; x_wconf 87' lang='lat' dir='ltr'>mentio</span> <span class='ocrx_word' id='word_1_229' title='bbox 667 3802 703 3865; x_wconf 82' lang='lat' dir='ltr'>fit</span> <span class='ocrx_word' id='word_1_230' title='bbox 735 3804 766 3865; x_wconf 92' lang='lat' dir='ltr'>iu</span> <span class='ocrx_word' id='word_1_231' title='bbox 800 3782 924 3866; x_wconf 61' lang='lat' dir='ltr'>eccles:</span> <span class='ocrx_word' id='word_1_232' title='bbox 949 3799 1087 3880; x_wconf 74' lang='grc'>942--5,</span> <span class='ocrx_word' id='word_1_233' title='bbox 1119 3802 1173 3864; x_wconf 91' lang='lat' dir='ltr'>ubi</span> <span class='ocrx_word' id='word_1_234' title='bbox 1207 3820 1284 3865; x_wconf 89' lang='lat' dir='ltr'>anus</span> 
     </span>
     <span class='ocr_line' id='line_1_33' title="bbox 185 3910 929 3978; baseline -0.001 -3"><span class='ocrx_word' id='word_1_235' title='bbox 185 3913 310 3976; x_wconf 76' lang='lat' dir='ltr'>lasciva</span> <span class='ocrx_word' id='word_1_236' title='bbox 332 3914 372 3976; x_wconf 89' lang='lat' dir='ltr'>ad</span> <span class='ocrx_word' id='word_1_237' title='bbox 395 3912 630 3978; x_wconf 88' lang='lat' dir='ltr'>adulescentem</span> <span class='ocrx_word' id='word_1_238' title='bbox 655 3930 812 3975; x_wconf 80' lang='lat' dir='ltr'>conversa</span> <span class='ocrx_word' id='word_1_239' title='bbox 834 3910 929 3975; x_wconf 85' lang='lat' dir='ltr'>dicit:</span> 
     </span>
    </p>

    <p class='ocr_par' dir='ltr' id='par_1_8' title="bbox 385 4043 993 4343">
     <span class='ocr_line' id='line_1_34' title="bbox 387 4043 919 4128; baseline -0.004 -22"><span class='ocrx_word' id='word_1_240' title='bbox 387 4046 521 4127; x_wconf 73' lang='grc' dir='ltr'>οἰμώζων</span> <span class='ocrx_word' id='word_1_241' title='bbox 545 4043 601 4128; x_wconf 82' lang='grc' dir='ltr'>ἄρα</span> <span class='ocrx_word' id='word_1_242' title='bbox 624 4047 658 4128; x_wconf 71' lang='grc' dir='ltr'>νή</span> <span class='ocrx_word' id='word_1_243' title='bbox 680 4045 734 4106; x_wconf 80' lang='grc' dir='ltr'>Δία</span> <span class='ocrx_word' id='word_1_244' title='bbox 756 4045 919 4127; x_wconf 68' lang='grc' dir='ltr'>σποδήσεις,</span> 
     </span>
     <span class='ocr_line' id='line_1_35' title="bbox 385 4150 993 4237; baseline 0 -23"><span class='ocrx_word' id='word_1_245' title='bbox 385 4152 475 4236; x_wconf 80' lang='grc' dir='ltr'>οὐγὰρ</span> <span class='ocrx_word' id='word_1_246' title='bbox 498 4155 582 4215; x_wconf 85' lang='grc' dir='ltr'>τάπὶ</span> <span class='ocrx_word' id='word_1_247' title='bbox 604 4150 802 4237; x_wconf 77' lang='grc' dir='ltr'>Χαριξένης</span> <span class='ocrx_word' id='word_1_248' title='bbox 824 4154 886 4213; x_wconf 43' lang='grc' dir='ltr'>πάδῖ</span> <span class='ocrx_word' id='word_1_249' title='bbox 908 4150 993 4214; x_wconf 81' lang='grc' dir='ltr'>ἐστίν.</span> 
     </span>
     <span class='ocr_line' id='line_1_36' title="bbox 386 4262 861 4343; baseline -0.004 -20"><span class='ocrx_word' id='word_1_250' title='bbox 386 4262 460 4324; x_wconf 83' lang='grc' dir='ltr'>κατὰ</span> <span class='ocrx_word' id='word_1_251' title='bbox 482 4267 530 4324; x_wconf 85' lang='grc' dir='ltr'>τὀν</span> <span class='ocrx_word' id='word_1_252' title='bbox 552 4262 640 4343; x_wconf 84' lang='grc' dir='ltr'>νόμον</span> <span class='ocrx_word' id='word_1_253' title='bbox 661 4264 750 4323; x_wconf 80' lang='grc' dir='ltr'>ταῦτα</span> <span class='ocrx_word' id='word_1_254' title='bbox 772 4264 861 4323; x_wconf 88' lang='grc' dir='ltr'>ποιεῖν</span> 
     </span>
    </p>
   </div>
   <div class='ocr_carea' id='block_1_4' title="bbox 226 4368 930 4454">
    <p class='ocr_par' dir='ltr' id='par_1_9' title="bbox 226 4368 930 4454">
     <span class='ocr_line' id='line_1_37' title="bbox 226 4368 930 4454; baseline -0.001 -21"><span class='ocrx_word' id='word_1_255' title='bbox 226 4422 229 4426; x_wconf 56' lang='grc'><strong>,</strong></span> <span class='ocrx_word' id='word_1_256' title='bbox 294 4440 298 4445; x_wconf 48' lang='grc'><em>,</em></span> <span class='ocrx_word' id='word_1_257' title='bbox 386 4369 447 4433; x_wconf 83' lang='grc' dir='ltr'>ἔστι</span> <span class='ocrx_word' id='word_1_258' title='bbox 469 4370 587 4450; x_wconf 84' lang='grc' dir='ltr'>δίκαιον,</span> <span class='ocrx_word' id='word_1_259' title='bbox 610 4371 636 4434; x_wconf 84' lang='grc' dir='ltr'>εἰ</span> <span class='ocrx_word' id='word_1_260' title='bbox 658 4368 930 4454; x_wconf 68' lang='grc' dir='ltr'>δημοκρατούμεθα.</span> 
     </span>
    </p>
   </div>
   <div class='ocr_carea' id='block_1_5' title="bbox 0 0 1554 4974">
    <p class='ocr_par' dir='ltr' id='par_1_10' title="bbox 0 0 1554 4974">
     <span class='ocr_line' id='line_1_38' title="bbox 0 0 1554 4974; baseline 0 1"><span class='ocrx_word' id='word_1_261' title='bbox 0 0 1554 4974; x_wconf 95' lang='lat' dir='ltr'> </span> 
     </span>
    </p>
   </div>
  </div>
 </body>
</html>
