3100 4974
729 267 774 328 dh

648 351 850 365 ---

198 467 363 551 ἑψηφίσατο
396 470 470 551 τρεῖς
502 469 638 552 τιμωρίας
670 467 744 531 κατὰ
776 472 833 532 τῶν
866 470 944 554 παρὰ
977 469 1065 554 νορόν
1091 494 1118 534 τι
1148 473 1295 555 ὀρῶντων.

198 577 289 654 Quae
310 576 428 642 fuerint
448 578 528 642 haec
549 579 611 642 tria
626 580 718 659 mala,
740 581 929 645 scholiastes
951 581 992 645 ad
1014 601 1082 644 ran.
1097 579 1158 642 541
1182 582 1294 648 refert:

196 686 281 747 δοκεῖ
299 686 332 747 δὲ
353 684 437 755 οὗτος
460 688 517 770 (sc.
540 687 769 768 Theramenes)
791 689 838 750 καὶ
858 688 893 751 τὰ
915 691 977 772 τρία
1000 690 1181 774 ψηφίσασθαι
1200 690 1295 775 dardi·

197 816 257 875 μια,
280 793 299 876 ἦ
322 796 513 877 δεομεύεολλαι
533 795 563 857 ἐν
583 800 624 879 τῷ
646 795 734 880 ξύλῳ,
757 796 776 879 ἢ
798 802 868 860 πιεῖν
890 799 1007 860 κώνειον
1028 797 1047 880 ἦ
1070 798 1211 882 ἐκφυγεῖν.

297 903 441 988 Denique
464 905 686 988 disputandum
708 906 783 969 mihi
807 916 855 971 est
877 908 917 971 de
931 908 1046 987 verbis,
1069 928 1150 989 quae
1169 916 1241 973 sunt
1261 911 1294 975 in

197 1009 255 1074 ars
273 1009 311 1074 13
326 1012 410 1079 -162
446 1011 466 1097 ἢ
489 1013 568 1076 δεινὰ
591 1015 631 1075 νὼ
654 1014 793 1097 δέδρακεν
816 1015 867 1077 οὑκ
889 1019 944 1078 τῶν
965 1015 1072 1099 ὀρνέων

446 1122 462 1184 ὁ
484 1125 686 1206 πινακοπώλης
706 1123 888 1207 Φιλοκράτης
909 1128 1114 1212 μελαγχολῶν,

445 1229 477 1298 ὃς
498 1231 567 1293 τώδ’
590 1230 702 1316 ἔρασκε
721 1237 777 1317 νῷν
800 1235 918 1317 φράσειν
940 1233 988 1295 τὸν
1009 1231 1106 1317 Τηρέα

444 1343 493 1401 thr
515 1337 610 1424 ἔποφ’,
634 1339 673 1408 ὃς
701 1339 799 1424 ὄρνις
827 1342 963 1424 ἐγένετ’
992 1343 1031 1404 ἐκ
1057 1347 1123 1404 τῶν
1147 1342 1291 1426 ὀρνέων.

193 1448 317 1526 Quibus
339 1450 446 1513 verbis
461 1449 634 1532 Euelpides
650 1442 800 1532 queritur,
823 1471 857 1515 se
880 1451 1122 1516 aPhiloclooue
1144 1452 1293 1516 nundina·

192 1568 265 1623 tore
287 1559 392 1621 avium
415 1559 582 1641 deceptum
606 1577 692 1639 esse3
724 1580 795 1622 narn
818 1579 903 1641 aves,
927 1582 1006 1644 quas
1030 1561 1148 1625 abillo
1172 1562 1293 1642 emerit,

192 1668 318 1731 nescire
340 1667 458 1748 locum,
492 1687 554 1750 quo
576 1667 697 1731 Tereus
719 1668 854 1749 habitet,
887 1670 1015 1734 tametsi
1042 1669 1096 1734 ille
1128 1670 1292 1754 pollicitus

193 1778 245 1846 sit,
268 1796 344 1841 aves
367 1796 436 1840 eum
460 1778 644 1841 inventurus
667 1795 747 1839 esse.
781 1777 873 1842 Haeo
893 1780 997 1841 omnia
1017 1779 1112 1863 plana
1128 1787 1161 1842 et
1180 1791 1293 1862 aperta

193 1893 280 1968 sunt3
316 1885 373 1950 sed
399 1886 476 1969 quid
507 1887 605 1949 verba
631 1883 662 1951 ὃς
685 1882 758 1966 ὄρνις
780 1884 886 1967 ἐγένετ’
908 1885 941 1948 ἐκ
962 1889 1019 1948 τῶν
1043 1886 1152 1968 ὀρνέων
1175 1887 1293 1969 signifi·

192 2002 268 2060 cent
289 2006 321 2059 et
343 1995 499 2077 quomodo
523 1995 587 2058 sint
608 1993 813 2079 explicanda,
846 1996 942 2060 valde
963 1996 1103 2058 virorum
1125 1995 1291 2060 doctorum

192 2104 370 2169 sententiae
391 2104 526 2168 variant.
580 2103 777 2167 Fritzschius
800 2105 882 2166 enim
905 2111 1027 2186 censet,
1062 2124 1101 2168 ea
1121 2105 1221 2168 verba
1243 2106 1291 2170 sio

191 2212 384 2295 explicanda
406 2233 491 2277 esso:
526 2214 597 2295 „qui
629 2232 686 2276 rex
719 2213 824 2275 avium
857 2212 960 2277 factus
994 2222 1043 2278 est
1065 2216 1106 2277 ab
1129 2214 1290 2296 aviculis“‚

192 2342 275 2406 quae
296 2321 519 2404 interpretatio
542 2322 669 2386 minime
690 2323 766 2389 mihi
787 2325 952 2406 probatur.
1009 2323 1132 2388 Deinde
1166 2322 1291 2387 Koech-

192 2432 262 2514 lyus
285 2450 420 2512 sequens
433 2431 626 2495 scholiastae
638 2432 932 2514 interpretationem
945 2431 1125 2496 emendavit
1137 2451 1175 2496 ea
1190 2435 1290 2495 verba

191 2542 223 2602 in
246 2538 279 2606 ὃς
301 2536 375 2621 ὅρνις
398 2538 501 2619 ἐγένετ’
535 2539 568 2609 ἐξ
602 2537 736 2621 ἀνδρός
763 2564 865 2623 ποτε,
889 2562 970 2624 quae
992 2541 1172 2604 emendatio
1196 2561 1289 2622 quan·

192 2668 286 2733 quam
306 2648 469 2712 intellectu
493 2668 555 2711 non
578 2657 674 2730 earet,
697 2656 802 2714 tamen
825 2651 918 2713 nimis
940 2671 959 2713 a
983 2649 1128 2713 codicum
1149 2649 1289 2714 lectione

97 2802 102 2807 -
191 2766 312 2822 remota
344 2764 403 2821 est.
448 2759 591 2841 lienique
625 2757 765 2822 Cobetus
788 2766 820 2822 et
840 2759 1019 2822 Meinekius
1042 2767 1140 2821 toturn
1163 2777 1289 2821 versum

194 2864 352 2946 rejiciuut3
387 2885 488 2948 neque
511 2866 549 2930 G.
572 2865 780 2944 Dindorfius„
802 2868 853 2930 cui
883 2868 985 2932 eidem
1007 2867 1063 2931 illa
1094 2868 1192 2931 verba
1225 2887 1289 2931 sus·

196 2980 388 3056 pertesum,
413 2974 445 3037 iu
468 2974 517 3039 ed.
539 2975 565 3039 Ι.
590 2983 672 3058 poet.
697 2996 782 3040 seen.
810 2998 858 3059 gr.
881 2976 968 3061 Lips.
993 2975 1074 3037 1869
1094 2976 1198 3040 locum
1222 2997 1288 3041 cor·

193 3092 317 3166 ruptum
339 3084 473 3147 sanavit.
529 3083 622 3148 Solus
656 3084 693 3149 G.
718 3085 917 3149 Hermannus
947 3087 978 3148 in
1002 3105 1112 3169 opusc.
1135 3086 1216 3149 VIII
1256 3107 1286 3170 p.
1378 3104 1381 3107 ’

190 3191 337 3254 eoa-10
371 3194 410 3257 de
442 3194 491 3256 his
525 3195 630 3257 verbis
662 3204 751 3259 recte
780 3195 947 3277 judicasse
973 3194 1048 3257 mihi
1077 3193 1211 3258 videtur.
1255 3194 1288 3256 Is

189 3302 273 3365 enirn
294 3303 413 3385 corrigi
436 3322 475 3366 ea
496 3302 565 3366 vult
583 3304 613 3366 in
631 3301 663 3370 ὃς
682 3300 757 3384 ὀρνις
772 3303 879 3385 ἐγένετ’
902 3303 933 3365 ἐκ
955 3308 1014 3364 τῶν
1037 3297 1199 3385 Ὀρνεῶν,
1223 3303 1288 3386 qui·

189 3412 249 3474 bus
271 3411 379 3474 verbis
401 3411 521 3475 locutio
542 3413 757 3496 proverbialis
778 3415 863 3478 insit.
896 3411 1022 3477 Orneae
1037 3414 1119 3476 enirn
1137 3411 1287 3496 oppidum

189 3519 405 3602 Peloponnesi
426 3529 505 3600 sunt,
528 3540 567 3584 ex
590 3541 652 3604 quo
674 3523 808 3603 incolae,
837 3522 1013 3607 oppugnati
1036 3543 1055 3584 a
1076 3521 1288 3585 Lacedaemo·

189 3627 262 3707 niis,
284 3634 380 3692 nocte
403 3630 507 3693 subito
531 3629 756 3712 discesserunt,
777 3642 812 3693 ut
833 3632 942 3695 hostes
964 3631 1108 3715 proximo
1129 3630 1180 3693 die
1201 3630 1288 3714 oppi-

190 3736 264 3800 dum
298 3739 442 3800 omnibus
477 3737 699 3802 defensoribus
742 3740 899 3822 privatum
933 3740 1029 3803 laoile
1061 3746 1288 3822 expugnarent,

189 3866 293 3927 neque
315 3847 449 3924 scirent,
472 3867 534 3929 quo
557 3847 683 3911 incolae
705 3849 902 3928 effugissent,
928 3854 964 3910 ut
985 3848 1084 3911 Thoe.
1108 3844 1164 3928 VI,
1188 3845 1205 3907 7
1229 3867 1288 3910 me-

191 3955 311 4020 moriae
333 3955 474 4019 tradidit.
502 3954 723 4039 'Quapropter
745 3976 784 4019 ex
805 3957 863 4020 illo
885 3965 1029 4040 tempore
1054 3957 1184 4031 locutio,
1207 3976 1288 4039 quae

191 4072 241 4129 est
263 4061 339 4147 ὅρνις
356 4063 469 4145 ἐγένετο
492 4063 525 4126 ἐκ
547 4067 603 4125 τῶν
626 4059 756 4145 Ὀρνεῶν,
779 4071 850 4129 orta
872 4075 921 4130 est
936 4078 968 4129 et
989 4067 1021 4128 in
1038 4066 1202 4148 proverbii
1219 4086 1289 4129 con·

191 4174 390 4237 suetudinem
413 4174 569 4256 pervenit,
591 4173 631 4237 de
653 4174 693 4236 iis
716 4173 812 4255 dicta,
836 4176 890 4257 qui
913 4175 1017 4238 subito
1041 4174 1233 4256 effugissent
1255 4181 1290 4238 ut

191 4283 332 4346 nesciret
354 4282 535 4364 quisquam,
570 4303 631 4365 quo
655 4282 848 4365 effugissent.
903 4282 1004 4360 Quam
1035 4284 1229 4348 locutionem
1262 4284 1288 4346 si

191 4392 425 4476 proverbialem
448 4391 546 4470 luisse
568 4399 601 4457 et
622 4394 655 4456 iu
677 4392 741 4456 illis
757 4395 865 4457 verbis
885 4401 1014 4477 aposta
1029 4392 1202 4457 adhibitam
1218 4411 1290 4457 esse
1347 4418 1352 4425 ·
