3100 4974
798 233 840 295 tc

718 322 917 330 ———-

269 431 390 510 Quodsi
414 432 507 515 Diog.
531 433 587 511 lV,
608 432 650 499 26
672 442 704 499 et
726 437 807 500 Mac.
831 436 887 517 ΙΙΙ,
910 435 951 498 24
973 437 1177 520 proverbium
1203 440 1366 522 praebent

177 588 180 599 .
268 542 355 625 quod
370 550 431 607 est:
452 541 594 625 Δελφὸς
619 542 719 627 ἀνήρ,
744 544 883 629 στέφανον
907 546 958 628 μὲν
977 543 1049 630 ἔχει,
1072 546 1142 628 δίψη
1158 547 1184 608 δ’
1200 545 1365 621 ἀπόλωλεν,

268 650 462 735 explicatum
480 651 530 715 his
553 653 674 716 verbis:
699 652 825 734 παρόσον
849 652 927 716 οὗτοι
948 654 995 718 διὰ
1017 655 1050 716 td
1073 655 1123 738 μὲν
1136 655 1270 738 ἱερᾶσθαι
1292 655 1368 719 ἐστε·

268 758 545 843 europalatem,
579 763 636 821 τῶν
665 761 698 823 δὲ
730 761 899 845 ἐπιτηδείων
928 762 1069 847 ἠπόρουν,
1104 764 1283 847 dijudicare
1299 786 1367 830 ‘non

268 888 406 950 possum,
428 878 531 932 utrum
549 869 609 932 hoc
627 872 829 953 proverbium
845 892 885 937 ex
899 893 946 953 eo,
969 873 1054 956 quod
1076 873 1115 938 de
1135 873 1245 937 Conna
1261 874 1367 956 vulga·

268 985 333 1040 tum
366 986 448 1056 erat,
481 978 660 1061 profectum
686 982 740 1061 uit,
775 1003 814 1044 an
836 981 914 1046 illud
936 1004 976 1048 ex
997 983 1067 1046 hoc.
1112 983 1152 1046 oi.
1175 983 1365 1047 Bernhardii

268 1091 375 1150 notam
397 1086 438 1149 ad
461 1086 549 1151 Suid.
572 1109 597 1152 u.
620 1112 649 1153 v.
679 1097 711 1153 et
736 1089 858 1152 Erasm.
881 1112 912 1172 p.
935 1089 1006 1152 311.
1061 1092 1255 1156 Mentionem
1290 1090 1367 1156 facit

267 1194 360 1257 huius
384 1197 547 1276 proverbii
569 1197 701 1259 Lucian.
727 1197 766 1259 de
787 1216 883 1260 merc.
907 1198 999 1259 cond.
1015 1197 1064 1257 28.

369 1317 440 1383 Alia
461 1320 579 1384 locutio
603 1327 672 1384 erat
693 1314 803 1381 Κόννου
827 1324 924 1403 ψῆφος
946 1321 977 1383 in
993 1340 1081 1397 vesp.
1099 1321 1168 1399 675,
1192 1325 1244 1387 ubi
1262 1325 1365 1391 schol:

267 1426 326 1489 οἷον
348 1427 381 1487 τδ
405 1426 505 1511 μηδέν.

367 1551 505 1635 Propter
529 1552 651 1634 flagitia
672 1553 881 1637 Phrynondas
897 1553 1031 1634 quidam,
1054 1554 1108 1635 qui
1128 1562 1271 1636 tempore
1287 1555 1365 1618 belli

267 1659 535 1744 Peloponnesiaci
567 1663 702 1726 Athenis
735 1661 808 1743 fuit,
842 1667 1009 1746 tantopere
1031 1675 1101 1726 erat
1121 1661 1302 1740 infamatus,
1329 1673 1365 1728 ut

267 1788 442 1850 cognomen
464 1770 676 1853 Phrynondac
698 1772 830 1835 cuilibet
852 1769 988 1834 scelesto
1010 1771 1128 1834 bomini
1146 1770 1289 1852 daretur,
1313 1793 1364 1837 re-

192 1941 196 1953 ,
265 1877 324 1940 luti
348 1879 381 1942 in
403 1878 530 1943 Thesm.
551 1876 626 1960 861,
659 1879 714 1943 ubi
737 1901 806 1944 cum
829 1879 1044 1944 Mnesilochus
1065 1880 1208 1944 vestibus
1230 1881 1365 1945 mulieri·

266 1987 325 2051 bus
346 1987 501 2052 Helenam
522 1988 664 2064 imitatus
686 1987 834 2054 dixisset:
1315 1990 1317 1993 ’

509 2140 573 2217 ἐμοὶ
594 2139 627 2202 δὲ
649 2144 686 2222 ηδ,
710 2140 761 2221 μὲν
782 2139 883 2221 πατρὶς
905 2139 957 2200 οὐκ
980 2138 1129 2222 ἀνώνυμος

508 2246 637 2331 Σπάρτη,
660 2250 755 2331 πατήρ
779 2250 812 2312 δὲ
834 2246 1004 2332 Τυνδάρευῐ,

266 2400 431 2466 mulierum
454 2421 515 2465 una
538 2400 680 2465 fraudem
703 2402 957 2466 animadvertens
979 2400 1165 2485 respondet:

865 2541 910 2602 συὶ
929 2543 955 2622 γ’
977 2542 1093 2624 ὦλεθρε

467 2653 561 2734 πατὴρ
584 2649 690 2718 ἐκεῖνός
712 2651 770 2714 ἐστι
778 2673 786 2732 3
810 2648 989 2733 Φρυνώνδας
1011 2650 1063 2732 μὲν
1085 2646 1144 2730 οὖν,

266 2809 379 2891 quibus
402 2812 510 2874 verbis
534 2811 620 2891 dicit,
643 2811 727 2874 illius
749 2817 873 2893 patrem
895 2830 957 2874 non
979 2809 1182 2892 Tyndareum
1205 2798 1284 2890 esse,
1308 2810 1365 2873 sed

265 2918 421 2983 hominem
445 2919 581 3002 aliquem
604 2917 765 2982 nefarium.
821 2920 913 2983 Voce
943 2917 1121 2999 Φρυνώνδας
1152 2918 1236 2983 idern
1269 2918 1366 3000 signi·

265 3025 357 3089 ficari
378 3035 474 3109 atque
493 3026 593 3111 μιαρός
616 3025 811 3110 vel-rumpit,
836 3028 935 3093 rcl'ert
950 3027 1172 3093 etiamSuidas
1198 3027 1252 3110 (cl'.
1265 3027 1363 3091 Arist.

266 3134 372 3217 frgmt.
397 3135 450 3220 92)
476 3158 500 3202 s.
522 3159 567 3202 v.:
601 3135 791 3218 Φρυνώνδαςῑ
825 3141 881 3198 τῶν
905 3136 950 3198 ἐπὶ
976 3137 1098 3219 πονηρίᾳ
1124 3136 1364 3222 διαβεβοημένων,

266 3242 297 3311 δς
329 3244 406 3313 ξένος
438 3246 478 3307 ὢν
511 3245 584 3308 κατὰ
618 3246 653 3305 τὰ
682 3244 935 3328 Πελοποννησιανὰ
960 3242 1282 3329 διέτριβενἈδ-ηνηαιν.
1329 3243 1364 3305 'A

260 3349 433 3437 Ἀμφιάρεῳ
466 3354 509 3433 ,ὦ
532 3353 615 3435 μιαρὲ
636 3354 682 3414 καὶ
705 3351 866 3433 Φρυνώνδα
892 3353 938 3414 καὶ
964 3353 1071 3435 πονηρὲ
1094 3351 1157 3415 οό.“
1197 3352 1229 3414 ἐκ
1262 3353 1364 3415 τούτου

263 3462 331 3530 τοὺς
363 3462 505 3543 πονηρους
539 3459 715 3542 Φρυνώνδας
748 3464 876 3523 καλοῦσι,
931 3462 1049 3525 Eadem
1076 3461 1165 3544 legas
1197 3462 1231 3525 in
1264 3463 1363 3526 schol.

265 3573 307 3635 ad
340 3570 489 3635 Aeschin.
527 3590 554 3634 c.
591 3569 732 3653 Ctesiph.
765 3592 795 3653 p.
829 3568 928 3649 tuln.
998 3568 1195 3636 Scholiastes
1230 3571 1364 3634 Luciani

264 3680 306 3755 ad
327 3680 419 3744 Alex.
443 3700 470 3745 c.
493 3679 514 3738 4
536 3690 652 3760 narrat,
678 3681 773 3744 etiam
795 3680 836 3745 ab
852 3679 976 3763 Eupole
990 3680 1213 3764 Phrynondam
1236 3679 1363 3742 irrisum

265 3789 370 3852 luisse.
425 3787 461 3851 In
486 3788 607 3853 udnott.
631 3790 670 3852 ad
697 3793 809 3872 Apost.
833 3787 998 3869 XV111,2
1021 3789 1153 3871 legimus
1177 3787 1362 3872 exemplum,

265 3898 349 3981 quod
365 3919 405 3961 ex
420 3898 531 3961 Libun.
549 3899 640 3980 epist.
659 3897 738 3959 1038
754 3902 886 3984 petitum
900 3907 962 3963 est:
985 3898 1134 3982 βοήθησον
1151 3896 1230 3980 ἀνδρὶ
1241 3901 1363 3980 χρηστῷ

263 4005 377 4073 πολλὰς
399 4006 547 4089 δεξαμένῳ
581 4006 744 4090 προςβολδις
767 4008 823 4069 ὑπὸ
846 4007 1023 4091 Φρυνώνδυυ
1046 4004 1129 4073 τινός.
1183 4006 1232 4070 De
1265 4006 1362 4089 Phry-

263 4116 372 4179 nonda
394 4116 546 4180 disseruit
565 4115 762 4180 Fritzschius
785 4118 817 4180 in
839 4138 949 4181 eornm.
973 4116 1013 4181 ad
1038 4115 1163 4180 Thesm.
1187 4113 1259 4178 861.
1355 4162 1359 4165 .

363 4243 591 4308 Itcmiusamis
613 4249 684 4308 erat
706 4243 821 4306 Cillico
844 4243 985 4326 quidam,
1013 4243 1066 4324 qui
1092 4250 1127 4305 ut
1148 4241 1277 4304 divitias
1300 4240 1363 4304 sibi

262 4358 406 4437 pararet,
439 4353 575 4435 patriam
608 4351 764 4434 prodidit3
795 4371 878 4434 quae
899 4350 969 4435 ejus
991 4351 1096 4436 patria
1118 4350 1224 4437 fuerit,
1259 4358 1362 4414 utrum
