3100 4974
717 282 759 345 53

191 483 263 566 quis
285 482 404 547 diutius
426 484 458 547 in
480 484 628 549 convivio
652 487 841 549 commorari
863 486 1058 568 videretur“;
1081 482 1287 568 nequeenim

190 592 232 656 de
253 591 302 654 his
323 598 443 656 tantum
467 592 645 673 dicebatur,
679 593 735 658 sed
757 595 884 658 omnino
913 594 953 660 de
975 595 1100 677 eisqui
1121 597 1153 658 in
1176 596 1286 679 aliqua
1395 616 1398 623 ⁴

187 720 226 765 re
246 700 444 785 perficienda
466 701 584 765 diutius
604 711 810 768 morarentur.

289 810 386 874 Acies
409 811 571 875 oculorum
593 812 721 895 Lyncei,
742 814 796 895 qui
818 812 1012 896 expeditioni
1031 814 1287 893 Argonautarum

187 919 349 999 intererat,
372 928 462 984 tanta
484 927 564 1001 erat,
600 927 635 985 ut
659 922 823 1005 proverbii
850 922 953 985 locum
975 922 1096 985 locutio
1119 923 1285 1004 obtineret,

189 1048 272 1110 quae
294 1035 344 1093 est
366 1028 511 1114 βλέπειν
547 1029 714 1113 ὀξύτερον
747 1034 808 1092 τοῦ
841 1030 1014 1114 Λυγκέως.
1064 1031 1286 1115 Persaepeea

188 1138 330 1201 occurrit
351 1146 384 1203 et
403 1139 488 1223 apud
501 1138 645 1204 Graecos
668 1147 700 1205 et
722 1141 807 1223 apud
829 1141 963 1206 Latinos
987 1141 1171 1223 scriptores.
1217 1142 1286 1204 Ari·

187 1246 361 1328 stephanos
383 1250 552 1331 usurpavit
574 1269 643 1313 eam
665 1250 698 1311 in
720 1249 798 1332 plut.
820 1248 890 1328 210,
905 1252 959 1313 ubi
982 1248 1168 1332 Ohremylus
1191 1249 1285 1314 Pluto

187 1374 286 1418 caeco
308 1355 488 1440 pollicetur,
511 1376 546 1421 se
569 1378 589 1420 a
610 1358 769 1422 caecitate
791 1358 955 1423 oculorum
976 1358 1063 1421 illum
1078 1357 1285 1422 liberaturum

185 1483 266 1543 esse,
288 1466 333 1528 ita
355 1472 390 1528 ut
412 1467 517 1528 acrius
539 1466 665 1529 maurus
685 1467 727 1530 sit
747 1487 840 1550 quam
864 1468 1020 1561 Lynceus.
1065 1466 1215 1531 Occurrit
1236 1487 1285 1531 ea·

186 1573 260 1636 dem
291 1573 411 1639 locutio
444 1582 477 1639 et
505 1575 538 1638 in
570 1574 674 1653 frgmt.
697 1574 768 1639 258.
822 1578 933 1641 Aeiem
967 1576 1130 1639 oculorum
1163 1575 1284 1659 Lyncei

185 1681 319 1766 pulchre
341 1683 480 1747 illustrat
504 1683 618 1765 tabula,
640 1704 733 1766 quam
756 1685 946 1749 scholiastes
969 1685 1010 1748 ad
1032 1684 1110 1767 plut.
1132 1682 1195 1745 210
1216 1704 1284 1748 nar-

184 1798 253 1856 rat:
275 1792 468 1854 τοσοῦτονδὲ
490 1791 711 1860 ὀξυωπέστατος
733 1791 777 1876 ἦν,
802 1796 842 1861 ὡς
870 1793 916 1855 καλ
938 1795 972 1855 δι’
996 1793 1102 1875 ἐλάτης
1124 1792 1192 1855 ἰδεῖν
1207 1789 1284 1855 Κάσ-

184 1921 256 1982 τορα
278 1901 519 1983 δολοφονήσαντος
540 1906 588 1963 τὸν
610 1899 749 1984 ἀδελφόν.
782 1902 923 1968 Eandem
938 1904 1131 1967 locutionem
1142 1908 1283 1969 notatam

183 2009 320 2091 legimus
339 2010 373 2071 in
394 2011 477 2094 App.
501 2013 570 2094 prb.
593 2010 649 2091 IV,
676 2009 726 2074 30.
749 2032 800 2094 ap.
824 2013 906 2076 Mae.
930 2011 1064 2091 V1,41.
1088 2012 1121 2074 in
1143 2011 1282 2077 Meineh.

184 2117 292 2202 frgmt.
315 2138 395 2182 com.
415 2118 457 2200 Il,
482 2117 571 2184 1048.

225 2386 284 2450 ΠΙ.
309 2384 354 2452 lle
376 2384 607 2468 locutionibus,
629 2402 714 2471 quae
737 2403 757 2454 a
779 2385 878 2454 rebus
902 2384 1009 2471 postia
1033 2385 1133 2454 natae
1154 2350 1242 2455 sunt

284 2547 494 2612 Athenienses
528 2566 598 2610 eum
628 2547 714 2611 bello
745 2546 1022 2631 Peloponnesiaco
1054 2546 1178 2610 incolas
1205 2547 1281 2611 Meli

184 2654 308 2719 insulae
330 2656 515 2720 obsiderent
536 2675 638 2737 neque
660 2657 745 2722 ferro
768 2676 885 2739 eogere
906 2661 1052 2738 possent,
1079 2662 1115 2718 ut
1136 2675 1207 2720 sese
1229 2655 1280 2720 de·

188 2762 307 2838 derebt,
329 2766 413 2828 omni
435 2771 614 2828 commeatu
638 2750 869 2849 prohibuerunt
890 2783 960 2844 eoS‚
994 2770 1029 2828 ut
1050 2762 1132 2827 lame
1154 2763 1282 2828 tandem

190 2879 438 2954 assequerentur,
462 2874 545 2957 quod
567 2873 652 2938 serre
673 2894 736 2937 uon
757 2874 1016 2957 impetraverant.
1072 2872 1161 2950 Quae
1182 2872 1281 2937 fames

191 2984 277 3044 tanta
296 2981 364 3061 suit
385 2992 420 3045 ut
443 2978 523 3064 λιμός
537 2979 649 3065 Μήλιος
664 2983 696 3045 in
711 2983 874 3065 proverbii
890 2982 1148 3047 consuetudinem
1164 2982 1281 3062 abiret,

188 3089 370 3171 significans
392 3090 505 3156 samem
527 3092 845 3174 vehementissimam
881 3091 981 3155 veluti
1003 3091 1035 3154 in
1058 3112 1107 3154 ar.
1133 3088 1192 3152 186
1215 3089 1282 3158 τοὺς

185 3198 211 3259 δ’
234 3195 271 3261 αὖ
293 3198 381 3267 θεοὺς
403 3199 539 3262 ἀπολεῖτε
562 3203 649 3283 λιμῷ
672 3197 810 3282 Μηλίῳ,
833 3220 915 3284 quae
939 3202 1038 3264 verba
1060 3199 1281 3263 Peithetaerus

182 3307 225 3372 ad
237 3329 376 3392 upupam
387 3329 560 3398 conversus
583 3310 663 3373 dicit
687 3310 719 3372 in
731 3309 948 3393 descriptione
975 3308 1167 3373 coriarium
1189 3309 1281 3390 regni

183 3417 343 3482 condendi
365 3427 397 3483 et
419 3419 605 3482 affirmandi.
659 3420 708 3483 De
735 3419 813 3483 Meli
834 3418 957 3482 insulae
980 3417 1216 3500 expugnatione
1239 3417 1290 3481 of<

58 3576 74 3599 ,ς
183 3525 285 3590 Thuc.
298 3511 338 3590 V.
372 3528 421 3592 De
440 3528 602 3592 locutione
624 3527 842 3593 disseruerunt
856 3527 975 3591 Zenob.
989 3525 1068 3606 4‚94‚
1091 3526 1182 3608 Diog.
1201 3524 1280 3606 6,14.

184 3636 406 3720 lexicographi
429 3636 545 3701 Suidas
567 3644 600 3701 et
620 3637 811 3720 Hesychius.

285 3747 335 3808 Ab
358 3752 539 3828 expugnato
563 3745 696 3809 castello
718 3745 818 3827 Phyle
838 3744 959 3807 locutio
982 3749 1053 3806 orta
1072 3749 1129 3823 est,
1153 3743 1282 3825 quaein

183 3853 261 3937 plut.
287 3852 366 3916 1146
388 3854 518 3935 legitur:
557 3855 597 3936 μὴ
620 3853 849 3935 μνησικακήσῃς,
872 3851 901 3912 εἰ
925 3851 963 3914 σὺ
988 3851 1112 3933 Φύλην
1134 3850 1282 3913 κατέλα-

183 3961 259 4045 βες,
282 3961 359 4023 ἀλλὰ
382 3961 508 4030 ξύνοικον
530 3961 602 4044 πρὸς
622 3962 701 4023 θεῶν
724 3960 847 4029 δέξασθέ
865 3984 912 4044 με,
935 3981 1016 4044 quae
1043 3962 1141 4025 verba
1161 3959 1283 4024 Mercu-

183 4071 251 4133 rius
273 4070 314 4134 ad
336 4071 502 4136 (larionem
526 4092 651 4136 servum
676 4090 848 4135 conversus
869 4071 1018 4153 loquitur,
1041 4070 1282 4154 cibumpetens.

185 4177 251 4244 Ubi
271 4180 373 4244 sohel:
410 4179 471 4241 ἀντὶ
492 4183 543 4241 τοῦ
566 4179 591 4242 εἰ
612 4180 658 4241 καλ
681 4179 875 4264 ἐπλούτησας,
908 4180 949 4262 μὴ
972 4179 1121 4262 ἐπαρθης,
1145 4178 1185 4261 μὴ
1208 4176 1283 4260 μέγα

184 4290 342 4376 φρονήσῃς·
502 4374 504 4383 .

286 4396 406 4478 Quibus
431 4399 538 4467 verbis
561 4419 642 4483 quae
664 4418 716 4464 res
738 4405 829 4483 gesta
863 4396 1044 4480 significata
1077 4397 1133 4470 sit,
1167 4395 1283 4460 nemini
