3100 4974
791 232 832 294 86

714 321 913 330 ..———-—-—.

264 439 439 519 dicebatur,
461 438 515 520 qui
538 436 663 502 doctius
686 456 788 520 neque
810 434 890 501 satis
920 439 1030 519 aperte
1057 432 1177 516 aliquid
1198 438 1385 497 narrarent

264 548 316 613 vel
340 546 553 630 explicarent:

415 668 658 756 ἀμαθέστερόν
681 693 752 738 πως
774 668 851 733 εἰπὲ
872 667 927 731 καὶ
950 665 1194 751 σαφέστερον..

263 797 413 864 Occurrit
436 818 474 863 ea
495 799 529 863 in
550 818 619 861 ran.
644 794 733 875 1445,
755 792 809 859 ubi
832 803 1000 879 postquam
1029 793 1200 878 Euripides
1222 802 1377 878 rogatus,

263 909 421 993 quomodo
443 928 495 973 res
518 906 667 992 publicae
687 905 927 970 Atheniensium
955 903 1093 970 afflictae
1126 903 1245 986 optime
1277 925 1378 969 sana·

261 1016 379 1097 rentur,
401 1018 481 1082 haec
505 1016 600 1080 dixit:

504 1148 572 1211 ὅταν
595 1147 631 1210 τὰ
652 1150 700 1209 νῦν
723 1145 829 1209 ἄπιστα
851 1144 929 1208 πίσθ’
952 1145 1104 1229 ἡγώμεθα,

501 1257 539 1320 τὰ
562 1258 588 1319 δ’
612 1254 682 1318 ὄντα
703 1254 777 1317 πίστ’
802 1253 917 1336 ἄπιστα,

264 1386 410 1453 Bacchus
433 1387 485 1470 qni
508 1406 548 1450 ea
568 1403 633 1448 non
655 1382 823 1461 intellexit,
845 1382 893 1446 sio
913 1382 1041 1445 locutus
1064 1387 1126 1445 est:

756 1511 835 1591 utiq
859 1507 893 1569 οίι
917 1506 1064 1589 μανθάνω,

443 1615 663 1701 ’ἀμαθέστερόν
685 1639 749 1684 πως
770 1615 832 1679 εἰπὲ
854 1616 901 1679 καὶ
922 1614 1111 1701 σαφέστερον.
1192 1636 1195 1647 ’

148 1752 149 1755 ’
262 1744 362 1821 Quam
394 1743 588 1809 locutionem
623 1733 722 1807 inisse
749 1730 916 1827 ¹uulgarem
943 1742 1133 1808 scholiastes
1166 1748 1277 1807 auctor
1300 1750 1368 1825 est;

262 1851 301 1917 cf.
325 1855 440 1935 Apost.
464 1853 504 1934 V,
529 1851 602 1917 64a.
627 1858 656 1917 et
679 1851 758 1918 Suid
781 1873 805 1917 s.
830 1875 858 1918 v.
882 1851 973 1935 cipuli.
995 1850 1108 1935 Neque
1128 1851 1230 1917 Gellis
1254 1852 1390 1936 ignota

261 1982 299 2027 ea
322 1970 404 2049 erat„
423 1960 477 2044 qui
499 1960 538 2026 N.
563 1962 601 2023 A.
624 1960 697 2041 XII,
720 1960 741 2023 ί)
763 1982 801 2027 ea
824 1961 931 2026 utitur.

362 2070 484 2135 Ultimo
528 2070 600 2134 loco
640 2070 679 2135 de
722 2069 903 2136 formulis
948 2069 1104 2135 dicendi
1147 2070 1367 2136 disserendum

261 2179 336 2242 mihi
360 2185 417 2244 est.

360 2287 464 2352 Recte
486 2287 638 2352 Ruhdew.
662 2288 683 2351 l.
710 2308 736 2352 c.
760 2287 801 2351 ad
822 2294 942 2369 monet,
964 2286 1130 2352 formulam
1153 2288 1280 2353 dicendi
1303 2290 1365 2353 usi·
1388 2366 1392 2371 .

259 2396 449 2461 tatissimam
472 2396 571 2462 fnisse
594 2394 667 2458 κᾶτ’
691 2393 796 2479 ἔγωγ’
820 2391 1032 2480 ἐξηγρόμην,
1055 2418 1148 2479 qnam
1170 2397 1202 2460 in
1224 2418 1290 2462 ran.
1313 2396 1365 2465 51.

260 2505 419 2570 Xanthias
442 2525 553 2569 servus
576 2518 720 2589 usurpat,
744 2506 902 2570 Bacchum
925 2505 1083 2570 dominnm
1105 2512 1191 2570 tecte
1209 2506 1365 2589 deridens,

261 2615 315 2697 qui
338 2613 493 2678 tredecim
528 2634 562 2679 se
585 2634 683 2680 naves
706 2636 806 2699 nuper
827 2615 1025 2698 depressisse
1048 2612 1194 2678 affirmat.
1237 2615 1362 2680 Dictum

260 2742 334 2787 esse
355 2723 557 2806 locutionem,
582 2724 693 2789 docuit
706 2723 867 2804 Rohdew.‚
888 2724 1035 2807 quotiens
1057 2743 1138 2806 qnae
1160 2731 1363 2789 narrarentur

261 2851 344 2895 vana
366 2833 562 2914 somniisque
589 2833 705 2897 similia
725 2834 918 2898 viderentur.
964 2832 1085 2910 Quodsi
1112 2832 1197 2897 idem
1224 2840 1359 2916 annotat,

260 2941 424 3005 hodiernis
447 2961 573 3024 quoque
601 2942 796 3026 temporibus
830 2943 962 3007 eandem
990 2943 1022 3005 in
1045 2941 1133 3024 vulgi
1156 2944 1358 3025 crevennum,

259 3049 336 3113 mihi
359 3050 486 3133 quidem
508 3050 679 3115 locutionis
701 3072 776 3115 usus
803 3053 930 3134 ignotus
953 3059 1035 3134 erat3
1071 3052 1126 3116 sed
1156 3054 1357 3136 comprobata

259 3159 375 3239 inveni,
398 3179 479 3242 quae
494 3160 646 3225 Rohdcw.
664 3162 838 3240 annotavit,
861 3183 879 3225 a
896 3161 1023 3226 Kookio
1038 3162 1072 3224 iu
1087 3160 1206 3224 adnott.
1230 3161 1271 3224 ad
1287 3163 1313 3224 h.
1327 3161 1352 3242 1.,

259 3268 314 3331 ubi
337 3268 365 3331 is
384 3268 509 3333 confert
523 3268 707 3350 Agricolam
734 3272 897 3350 „teutsche
912 3270 1156 3355 Sprichwo'rter,
1182 3267 1277 3336 1624:
1299 3268 1355 3333 und

260 3379 318 3443 mit
340 3378 412 3443 dem
432 3379 573 3443 erwaoht
595 3378 676 3441 ich.“

361 3486 456 3550 Aliae
478 3485 632 3551 formulae
654 3496 740 3553 sunt:
764 3486 879 3549 δίκαια
901 3483 1029 3549 κᾶδικα
1052 3488 1084 3550 in
1108 3508 1178 3573 equ.
1202 3484 1354 3553 ‘lind-nuh.

260 3593 311 3657 29.
336 3595 452 3663 δικαίως
472 3594 597 3664 κάδίκως
623 3596 655 3659 in
677 3596 756 3681 plut.
778 3593 849 3659 233.
874 3594 914 3662 cf.
937 3595 1019 3660 Plat.
1042 3596 1104 3678 leg.
1126 3595 1218 3678 5,l43
1229 3597 1265 3660 Β.
1288 3597 1354 3661 Ter.

259 3704 400 3789 Adelphi
423 3702 524 3786 5,9,33
558 3714 590 3769 et
622 3705 737 3770 Heaut.
767 3705 937 3770 Timorem.
965 3703 1081 3787 4‚7‚11:
1112 3705 1201 3789 justa
1234 3705 1353 3789 injust.

260 3813 367 3876 κακὸν
389 3817 506 3880 κακῶς
527 3813 652 3898 implut.
670 3813 724 3877 65:
746 3814 849 3877 ἀπολῶ
873 3836 906 3876 σε
927 3815 1015 3876 κακον
1039 3817 1143 3882 κακῶς.
1167 3815 1309 3898 inequit.
1323 3811 1352 3876 2:

261 3920 443 4006 Παφλαγόνα
465 3922 513 3984 τὸν
529 3924 673 4006 νεώνητον
688 3923 776 3985 κακὸν
792 3927 888 3992 κακῶς
903 3922 1074 3985 ἀπολέσειαν
1094 3923 1120 3984 οἱ
1141 3923 1213 3988 θεοί.
1236 3924 1269 3987 in
1285 3924 1352 4008 plut.

260 4028 337 4094 879:
362 4031 377 4093 ὁ
400 4030 469 4100 θεὸς
492 4029 666 4100 ἐίσλθῖτοδς
682 4033 864 4116 συκοφάντας
887 4031 993 4099 κακοὺς
1015 4036 1121 4099 κακῶς.
1144 4033 1269 4118 implut.
1284 4031 1351 4098 418:

260 4139 352 4206 ἐξολῶ
374 4140 448 4224 ὑμᾶς
470 4138 578 4207 κακοὺς
600 4144 705 4209 κακῶς.
728 4142 760 4205 in
784 4142 873 4224 equit
896 4139 1055 4207 189-90:
1082 4139 1158 4203 κακὰ
1180 4146 1285 4225 κακῶς,
1306 4142 1351 4205 nbi

261 4250 450 4316 scholiastes
472 4269 552 4314 voce
574 4251 767 4333 παροιμιῶδες
788 4252 951 4336 admonet,
983 4253 1041 4318 has
1072 4250 1231 4320 formulas
1252 4251 1284 4316 in
1304 4270 1350 4319 ore

259 4360 347 4445 vulgi
370 4365 516 4426 versatas
539 4377 618 4424 esse.
1025 4368 1028 4373 ’
