3100 4974
632 288 830 385 Aa„

217 470 220 477 Δ
281 491 386 555 Etiam
409 510 484 556 usus
506 494 605 574 vocis,
629 498 782 576 quaeest
805 493 905 570 λεπάς,
929 488 1069 569 cochlea,
1092 489 1174 553 alius
1197 492 1281 576 apud

181 600 338 682 Graecos,
362 600 442 664 alius
468 601 553 684 apud
574 610 708 684 nosest;
730 602 823 666 nobis
840 602 922 665 enim
937 599 1116 663 dicentibus
1131 601 1282 683 „solang-

182 729 250 773 sam
270 710 331 774 wie
353 710 425 774 eine
447 709 613 775 Schneche
636 711 767 794 gehen,“
791 709 928 775 Graecis
950 714 1019 773 erat
1037 708 1166 791 locutio,
1190 731 1282 792 quam

180 819 215 882 in
236 838 325 902 vesp.
347 817 606 902 impegimus:
640 818 751 882 κᾶπειτ’
774 819 861 882 ἐκεῖσ’
884 818 981 881 ἐλθὼν
1003 818 1196 901 προκαθεύδει
1216 811 1281 904 πρῴ

180 926 256 989 πάνυ
278 927 378 1010 ὥσπερ
396 926 487 996 λεπὰς
501 926 730 1013 προςισχόμενυς
750 934 793 1012 τῷ
815 929 895 992 κίονι.

281 1036 448 1101 Pertinent
469 1056 508 1102 ea
529 1040 629 1102 verba
650 1038 692 1101 ad
713 1037 908 1101 irridendam
923 1036 1051 1100 nimiam
1065 1036 1282 1103 Philocleonis

182 1144 390 1228 cupiditatem
412 1147 443 1209 in
460 1147 619 1229 judicium
645 1147 792 1212 adeundi.
847 1147 945 1210 Aliud
973 1145 1150 1230 exemplum
1179 1149 1283 1211 estin

181 1254 261 1337 plut.
287 1252 382 1320 1095:

383 1375 425 1440 ὡς
447 1369 580 1453 εὔτονος,
604 1373 629 1436 ὦ
651 1374 710 1438 Ζεῦ
732 1373 861 1457 βασιλεῦ,
884 1373 917 1435 τὸ
939 1368 1056 1458 γρᾴδιον

384 1481 483 1566 ὥσπερ
507 1481 598 1550 λεπὰς
620 1488 663 1567 τῷ
682 1483 819 1567 μειρακίῳ
841 1483 1031 1568 προςίσχεται,

180 1635 265 1698 quae
287 1616 388 1680 verba
410 1616 451 1679 ad
477 1637 570 1679 anum
598 1618 770 1701 pertinent,
809 1637 890 1699 quae
923 1616 1159 1681 adulescentem
1186 1621 1282 1683 amat.

179 1725 233 1790 Ex
252 1725 359 1789 multis
381 1724 625 1790 scholiastarum
641 1727 682 1790 ad
700 1727 730 1791 h.
745 1727 766 1790 l.
783 1726 1040 1791 adnotationibus
1061 1727 1141 1790 haec
1163 1732 1285 1789 tantum

181 1835 297 1899 afferre
318 1834 412 1899 libet:
442 1837 534 1903 λεπάς
555 1833 628 1897 ἐστιν
651 1833 727 1904 εἶδος
750 1833 871 1919 ὀστρέου
899 1834 970 1915 ὅπερ
994 1833 1155 1922 λαβόμενον
1177 1833 1285 1919 πέτρας

181 1942 400 2028 ἀπιοχυρίζεται
422 1942 469 2004 καὶ
491 1944 741 2012 δυςαποσποίστως
763 1941 839 2029 ἔχει’
860 1944 908 2006 καὶ

386 2077 458 2161 ῃοὐκ
481 2076 516 2140 ἄν
537 2101 578 2146 τις
598 2078 669 2141 αὐτὸ
693 2079 798 2164 ῥᾳδίοις
820 2077 987 2140 ἀποσπάσαι

383 2187 447 2271 πρὶν
470 2185 505 2249 ἄν
527 2212 553 2250 τι
575 2193 625 2270 τῆς
647 2188 754 2272 πέτρας
777 2185 929 2271 ἀπορρήξῃ
952 2185 1069 2272 μέροςίί,

184 2340 266 2406 quos
290 2341 399 2395 versus
421 2322 504 2386 unde
526 2323 686 2407 petiverit,
709 2343 773 2387 non
792 2321 892 2387 refert
913 2322 1116 2387 scholiastes

286 2429 483 2495 Scholiastas
506 2433 620 2496 iterum
642 2431 847 2517 proverbium
873 2431 1038 2514 effugisse,
1073 2431 1168 2497 docet
1194 2431 1284 2495 loeus

185 2540 240 2624 qni
262 2546 314 2604 est
333 2541 366 2603 in
387 2562 455 2604 ran.
481 2539 557 2604 191:

818 2651 923 2712 δοῦλον
946 2648 1000 2711 οὐκ
1021 2646 1085 2730 ἄρον

363 2758 388 2820 εἰ
410 2759 450 2842 μὴ
471 2760 673 2844 νεναυμάχηκε
695 2761 747 2843 τὴν
768 2760 845 2844 περὶ
867 2761 933 2821 τῶν
956 2760 1084 2842 κρεῶν,

190 2911 269 2974 quae
293 2892 421 2957 Charon
448 2893 528 2958 dicit
554 2913 706 2973 recusans
727 2895 893 2977 quominus
920 2914 1046 2958 servum
1076 2892 1198 2957 Bacchi
1224 2898 1285 2956 tra·

184 2998 327 3081 jecturus
350 3003 399 3083 sit,
433 3003 496 3067 nisi
517 3003 572 3067 ille
594 3003 719 3087 proelio
741 3003 930 3084 interfuerit,
964 3003 1050 3088 quod
1072 3003 1113 3066 de
1135 3002 1285 3086 carnibus

188 3112 388 3175 commissum
410 3113 461 3176 sit.
517 3111 616 3189 Quam
644 3113 686 3176 ad
711 3132 777 3177 rem
805 3129 843 3177 ea
864 3114 965 3178 verba
986 3119 1133 3196 spectent
1155 3119 1187 3175 et
1209 3110 1285 3192 quid

185 3220 374 3301 significent,
398 3222 622 3287 intellexerunt
646 3222 772 3305 quidem
788 3220 990 3303 scholiastae,
1014 3222 1071 3285 sed
1087 3220 1199 3302 effugit
1220 3238 1285 3298 eos,

185 3328 270 3393 unde
291 3330 438 3413 profecta
460 3332 533 3395 sint.
587 3332 711 3413 Tetigit
737 3332 821 3396 enim
848 3338 946 3415 poeta
973 3331 1127 3413 proelium
1161 3328 1284 3410 navale,

185 3438 273 3522 quod
294 3439 378 3522 apud
401 3440 578 3522 Arginusas
599 3441 719 3505 insulas
742 3443 942 3506 commissum
964 3447 1021 3505 est
1066 3439 1127 3518 lllo
1142 3445 1286 3523 tempore

185 3548 411 3630 Athenienses,
445 3570 515 3612 cum
542 3571 652 3614 manus
680 3570 822 3634 opesque
849 3571 957 3615 eorum
985 3550 1079 3614 valde
1106 3549 1287 3612 deminutae

186 3663 308 3738 essent,
339 3660 584 3739 constituerunt,
605 3667 640 3723 ut
662 3661 799 3744 quilibet
823 3680 987 3725 servorum
1007 3678 1134 3743 pugnae
1156 3656 1286 3723 interfu-

186 3773 276 3831 turus
299 3788 337 3831 ao
360 3767 475 3832 fortem
505 3788 539 3831 se
573 3770 786 3852 praestiturus
820 3776 918 3850 esset,
954 3767 1089 3832 futurum
1123 3773 1219 3847 esset,
1252 3773 1287 3831 ut

186 3878 469 3943 manumitteretur.
514 3878 604 3942 Haec
628 3879 724 3943 dere
746 3886 838 3961 gesta
860 3878 997 3942 dicenda
1019 3877 1170 3958 suntad
1191 3896 1287 3960 quam

187 3986 243 4050 ille
264 4006 376 4050 versus
399 3993 534 4071 spectat.
583 3988 675 4051 Nunc
702 3988 880 4067 videamus,
914 3986 1073 4071 quomodo
1099 3988 1198 4050 verba
1223 3984 1288 4069 περὶ

186 4099 246 4157 τῶν
266 4099 359 4178 κρεῶν
386 4096 594 4178 intelligenda
619 4098 691 4160 sint.
746 4097 868 4174 Quodsi
895 4095 993 4161 schol
1018 4095 1088 4159 cod.
1111 4096 1151 4160 V.
1175 4094 1287 4161 refert:

187 4202 263 4289 ἦσαν
285 4203 342 4288 γὰρ
365 4204 392 4265 οἱ
413 4205 513 4266 δοῦλοι
535 4204 601 4268 τότε
622 4207 877 4289 ναυμαχήσαντες,
912 4205 976 4288 περὶ
1003 4203 1122 4271 οὐδενὸς
1151 4202 1246 4266 ἄλλου
1268 4203 1287 4286 ἢ

189 4313 252 4396 περὶ
274 4316 331 4375 τῶν
354 4312 450 4376 ἰδίων
473 4319 601 4397 κρεῶν,
630 4314 759 4378 τουτέστι
782 4316 941 4398 σωμάτων,
964 4315 1016 4379 vel
1038 4315 1138 4378 schol.
1164 4315 1234 4377 cod.
1258 4313 1288 4377 R

188 4421 254 4508 περὶ
279 4425 331 4509 τῆς
353 4427 449 4516 ψυχῆς
471 4427 522 4511 τῆς
544 4423 669 4514 ἑαυτῶν,
693 4424 776 4496 falsa
800 4443 932 4514 prorsus
955 4425 1035 4499 hacc
1062 4423 1287 4517 interpretatio
