3100 4974
796 232 815 290 2

256 429 319 493 biis
342 429 506 513 disseruit;
541 432 594 513 qui
627 432 735 514 quanti
767 431 1010 516 proverbiorum
1037 430 1101 494 vim
1129 431 1354 515 aestimaverit,

258 539 305 601 sic
327 559 377 621 ap.
403 537 582 622 synesium,
610 526 751 624 Cyrenes
786 541 818 603 in
841 541 953 605 Africa
986 542 1185 626 episcopum,
1220 540 1355 625 ἐγκωμίῳ

232 625 420 730 ’φαλάκρας
443 648 585 713 Turnebi
606 650 655 714 ed,
679 650 708 733 p‘.
732 646 773 710 59
796 650 949 734 scriptum
971 650 1120 732 legimus:
1150 652 1276 718 παλαιᾶς
1298 649 1357 713 ἐστι

258 756 316 838 (so.
339 757 358 840 ἡ
381 757 530 841 παροιμία)
557 756 729 842 φιλοσοφίας
752 759 782 821 ἐν
804 761 866 826 ταῖς
888 758 1032 842 μεγίσταις
1054 758 1219 842 ἀνθρώπων
1235 759 1357 843 φθοραῖς

257 863 441 948 ἀπολομένης
483 863 748 950 ἐγναταλείμματα,
793 865 993 949 περαιωθέντα
1034 866 1081 929 διὰ
1124 867 1274 950 συντομίαν
1310 866 1357 930 καὶ

257 972 417 1058 δεξιότητα.

356 1084 437 1147 Τοιιι
460 1084 500 1148 de
522 1085 703 1167 proverbiis
720 1085 965 1167 disputaverunt
978 1085 1227 1168 Theophrastus,
1251 1085 1356 1149 Olear-

257 1193 334 1256 chus
358 1191 509 1274 Solensis,
532 1193 739 1293 Chrysippus
761 1193 1012 1277 Dionysodorus,
1034 1195 1150 1276 Demo,
1183 1204 1355 1275 sequuntur

255 1302 317 1364 viri
342 1302 429 1366 docti
455 1303 510 1385 qui
538 1303 734 1385 temporibus
757 1303 1011 1368 Ptolemaeorum
1034 1303 1250 1367 Alexandriae
1271 1304 1356 1369 vixe-

255 1419 342 1475 runt:
372 1413 604 1496 Aristophanes
626 1412 714 1493 Byn,
747 1413 801 1495 qui
835 1411 914 1476 duos
936 1413 1036 1476 libros
1059 1414 1116 1473 τῶν
1139 1410 1305 1494 ἐμμέτρων
1324 1420 1356 1478 ct

256 1528 408 1602 quattuor
440 1524 497 1582 τῶν
531 1520 663 1604 ἀμέτρων
695 1525 853 1604 παροιμιῶν
887 1522 1032 1606 scripsit;
1066 1512 1182 1585 deinde
1213 1521 1355 1599 Lucillus

257 1630 446 1710 Tarrhaeus,
469 1630 632 1710 Didymus,
656 1630 857 1713 Theaetetus,
880 1631 1068 1712 Aeschylus,
1085 1630 1203 1713 llylon,
1219 1632 1356 1695 Aristar-

257 1739 334 1802 chus
356 1739 483 1821 aliique,
508 1760 586 1823 quos
609 1761 795 1807 enumerare
818 1761 935 1822 omnes,
959 1761 1030 1805 cum
1045 1760 1092 1820 ea,
1114 1759 1194 1822 quae
1216 1741 1280 1824 ipsi
1296 1741 1355 1805 dis·

256 1845 434 1930 seruerunt,
468 1849 588 1913 tradita
609 1850 701 1914 uobis
724 1870 787 1914 non
810 1851 886 1932 sint,
919 1844 1046 1932 longum
1070 1856 1132 1931 est,
1168 1850 1208 1914 de
1240 1851 1354 1932 quibus

257 1957 312 2040 qui
346 1958 439 2040 plura
470 1979 665 2041 cognoscere
693 1959 787 2041 velit,
821 1959 977 2039 conferat,
1009 1979 1090 2040 quae
1112 1958 1300 2024 Leutsohius
1323 1967 1356 2026 et

256 2062 516 2131 Schneidewiuus
536 2068 569 2130 iu
586 2088 722 2152 corpore
735 2069 1095 2159 paroemiographorum
1117 2063 1254 2151 praefati
1271 2077 1353 2135 sunt.

356 2176 484 2240 Illorum
508 2198 548 2241 ex
568 2178 698 2261 seriptis
732 2179 906 2262 scriptores
938 2179 1150 2261 posteriorum
1177 2185 1354 2262 temporum

255 2285 440 2367 hauserunt,
475 2307 608 2370 quorum
637 2286 670 2350 in
693 2307 822 2352 numero
846 2287 1005 2351 Zenobius
1029 2294 1090 2367 est,
1124 2287 1213 2366 cujus
1239 2287 1354 2352 librum

253 2395 405 2458 traditum
427 2396 587 2460 habemus.
632 2397 665 2459 Is
686 2396 746 2460 fuit
768 2397 911 2479 aequalis
937 2396 1095 2460 Hadriani
1112 2398 1251 2478 Augusti
1272 2403 1354 2463 teste

233 2497 367 2587 *Suida3
400 2505 483 2569 liber
515 2506 582 2588 ejus
616 2512 665 2569 est
696 2506 870 2589 inscriptus
904 2504 1024 2588 ἐπιτομὴ
1058 2510 1215 2589 παροιμιῶν
1243 2505 1354 2569 ἐκτῶν

255 2608 398 2697 Tappulus
422 2614 469 2675 καὶ
491 2614 619 2694 Διδύμοο
643 2613 905 2687 ουντεὶίεῖαακατὰ
927 2617 1076 2698 στοιχεῖον.

354 2723 487 2806 Excipit
508 2723 591 2786 hunc
613 2723 832 2806 Diogenienus
854 2724 1074 2804 Heracleotes
1098 2725 1188 2808 cujus
1210 2726 1293 2790 liber
1315 2724 1354 2789 de

253 2833 435 2915 proverbiis
459 2833 598 2915 scriptus
630 2834 706 2898 item
738 2834 772 2896 in
798 2835 942 2897 manibus
964 2834 1082 2897 uostris
1104 2842 1259 2899 versatur.
1303 2836 1354 2897 Ab

249 2941 364 3023 ignoto
387 2949 518 3006 auctore
553 2942 671 3006 collata
693 2948 768 3006 sunt
788 2925 976 3025 proverbia,
1012 2964 1093 3027 quae
1119 2944 1151 3006 in
1175 2942 1354 3026 appendice

253 3051 414 3115 Vaticana
435 3052 579 3134 quadam,
603 3051 643 3115 de
666 3071 727 3133 qua
749 3051 790 3116 cf.
807 3052 956 3116 Andreae
972 3050 1097 3116 Schotti
1112 3052 1212 3135 prael.
1235 3053 1267 3115 in
1283 3072 1353 3135 par-

254 3179 333 3224 oem.
356 3180 462 3243 graec.
486 3161 534 3225 ed.
559 3181 586 3224 a.
611 3160 773 3226 Gaisford.
797 3183 827 3246 p,
850 3162 942 3242 XIX,
976 3169 1008 3225 et
1030 3162 1063 3224 iu
1087 3160 1251 3225 codicibus
1273 3161 1354 3224 Bod-

253 3269 359 3353 ley'ano
382 3280 415 3334 et
430 3270 626 3334 Ooisliniauo
651 3272 859 3336 eontinentur.
897 3274 970 3336 lam
994 3270 1092 3334 aetati
1116 3290 1197 3353 quae
1218 3270 1353 3333 medium

253 3399 366 3443 aevum
400 3380 518 3442 dieitur
551 3380 752 3444 adtribueudi
787 3387 859 3443 sunt
881 3380 1058 3462 Gregorius
1081 3380 1217 3464 Cyprius
1244 3385 1276 3445 et
1298 3380 1355 3443 Mi·

255 3489 346 3552 chael
368 3489 566 3571 Apostolius,
590 3510 721 3570 quorum
745 3489 942 3554 collectanea
963 3491 1056 3553 nobis
1078 3497 1207 3572 praesto
1230 3497 1311 3554 sunt.

354 3598 432 3662 (lum
454 3599 487 3661 hi
508 3618 615 3663 omnes
650 3618 688 3662 ea
719 3599 844 3662 ratione
877 3600 1116 3680 disseruissent,
1150 3607 1185 3663 ut
1211 3599 1292 3663 alter
1314 3620 1354 3662 ex

253 3707 383 3791 scriptis
406 3707 537 3771 alterius
552 3708 701 3772 hauriens
725 3709 897 3791 proverbia
914 3696 1040 3791 singula
1055 3709 1167 3773 ordine
1188 3708 1353 3771 literarum

253 3816 411 3900 disposita
423 3817 609 3901 explicaret,
624 3816 811 3881 Desiderius
826 3818 976 3882 Erasmus
988 3816 1219 3882 Roterodamus
1232 3816 1352 3898 primus

253 3945 322 3989 eam
344 3926 377 3988 in
394 3927 575 4009 proverbiis
598 3927 775 3991 tractandis
797 3928 881 3991 viam
904 3937 953 3992 est
974 3928 1145 4008 ingressus,
1169 3932 1203 3988 ut
1224 3946 1353 4009 prover·

251 4034 317 4117 bia,
355 4056 437 4118 quae
459 4036 601 4118 ejusdem
624 4037 751 4119 generis
785 4045 891 4102 essent
924 4036 1119 4117 eandemque
1152 4036 1353 4100 continerent

252 4146 450 4225 sententiam,
473 4146 506 4208 in
527 4167 622 4209 unum
643 4146 812 4229 colligeret
827 4146 1027 4227 collectaque
1049 4144 1234 4228 explicaret.
1267 4145 1351 4207 Alte

251 4276 320 4329 rum
342 4277 405 4339 quo
426 4275 506 4340 opus
529 4255 597 4338 ejus
621 4276 641 4319 a
663 4256 778 4320 ceteris
802 4255 908 4320 differt
930 4253 1041 4334 estid,
1065 4253 1150 4337 quod
1165 4274 1228 4317 uon
1250 4253 1351 4317 solum

249 4372 391 4429 veterum
424 4365 937 4473 paroypuiqgraphorpmffiscuipta
973 4364 1130 4445 adhibuit,
1167 4362 1224 4428 sed
1257 4362 1352 4428 etiam

1508 1630 1510 1709 l

1509 2046 1514 2207 l
