3100 4974
810 237 849 300 66

728 326 927 333 ——-.—

277 441 382 505 locum
404 440 589 521 obtinuisse,
612 438 802 504 testimoniis
825 446 966 505 veterum
988 441 1139 506 affirmari
1157 450 1271 526 potest,
1295 464 1375 527 quae

278 549 311 612 in
333 569 403 634 equ.
429 547 486 612 781
511 548 664 629 occurrit,
701 548 757 611 ubi
777 558 937 631 narratur,
960 549 1110 615 Cleonem
1133 571 1196 615 uon
1218 552 1313 616 aliam
1335 555 1375 618 ob

279 678 408 722 causam
429 657 548 742 populo
571 657 715 722 blandire
738 664 771 721 et
793 659 915 723 servire
937 659 999 722 nisi
1021 668 1056 724 ut
1075 661 1221 743 quaestui
1233 682 1302 726 eum
1324 664 1377 726 ha-

277 768 365 851 beat;
389 786 470 852 quae
493 765 650 830 sententia
672 766 721 830 his
743 768 850 832 verbis
873 789 1027 852 expressa
1049 776 1110 834 est:

342 895 383 961 ὥς
404 893 429 954 δ’
452 890 517 974 οῦχὶ
538 893 618 976 φιλεῖ
636 893 661 953 α’
685 892 747 956 οὐδ’
770 891 829 955 ἔστ’
852 891 961 971 εὔνους,
984 896 1060 957 τοῦτ’
1083 894 1154 958 αὐτὸ
1176 918 1208 958 σε
1230 900 1331 980 πρῶτα

1109 1005 1226 1085 διῦάΕιυ,

342 1108 406 1171 ἀλλ’
429 1106 448 1190 ἢ
472 1106 518 1170 διὰ
540 1109 616 1171 τοῦτ’
640 1108 706 1172 οὐθ’
727 1111 791 1192 ῦτιή
814 1134 866 1173 σου
890 1116 940 1192 τῆς
963 1111 1119 1194 ἀνθρακιᾶς
1139 1113 1288 1178 ἀπολαύει.

278 1234 485 1299 Locutionem
508 1233 665 1317 ἀνθρακιᾶς
686 1256 759 1302 τινος
781 1233 946 1317 ἀπολοῦσιν,
970 1256 1052 1318 quae
1073 1239 1149 1301 mihi
1165 1241 1292 1323 quidem
1307 1262 1377 1326 prc-

277 1343 381 1407 verbii
404 1343 543 1426 speciem
567 1345 730 1426 praebeat,
753 1343 785 1406 in
806 1345 970 1428 proverbii
1002 1364 1061 1408 usu
1094 1345 1201 1428 luisse,
1235 1351 1306 1431 quis
1329 1356 1379 1415 est

278 1453 341 1535 qui,
356 1451 548 1515 testimoniis
563 1457 706 1517 veterum
722 1472 780 1516 nos
796 1452 1025 1533 deficientibus,
1041 1473 1101 1537 pro
1118 1461 1207 1519 certo
1220 1457 1377 1524 affirmet?

379 1575 531 1643 Similiter
553 1577 717 1661 proverbii
749 1578 855 1643 locum
887 1578 1063 1643 obtinuisse
1090 1579 1163 1642 mihi
1185 1580 1311 1645 videtur
1332 1583 1376 1647 lo·

278 1685 364 1749 cutio
387 1705 470 1769 quae
493 1694 542 1751 est
574 1685 745 1771 ἡμέτερος
778 1687 793 1748 ῦ
829 1689 1011 1770 πυραμοῦς
1033 1688 1065 1750 in
1089 1688 1214 1753 Thesm.
1236 1689 1290 1756 94:
1324 1694 1375 1752 τοῦ

276 1792 331 1876 γὰρ
354 1796 499 1878 τεχνάζειν
521 1793 663 1879 ἡμέτερος
685 1795 700 1856 ῦ
723 1798 881 1880 πυραμοῦς,
904 1798 990 1861 etin
1012 1817 1081 1879 equ.
1104 1794 1164 1857 277

398 1936 464 1999 ἀλλ’
487 1937 537 1998 ἐὰν
559 1936 611 2020 μὲν
633 1935 717 2001 τόνδε
740 1942 818 2022 νικᾷς
839 1943 875 2022 τῇ
897 1939 963 2024 βοῇ,
985 1939 1125 2022 τήνελλος
1147 1937 1180 2002 εἶ.

398 2044 434 2130 ἤν
457 2047 482 2108 δ’
505 2046 624 2130 ἀναδείορ
646 2047 782 2132 παρέλθῃ
806 2071 847 2129 σε,
871 2046 1013 2132 ἡμέτερος
1035 2049 1050 2110 ῦ
1073 2050 1231 2133 πυραμοῦς.

276 2181 452 2246 Dicebatur
472 2181 594 2247 locutio
617 2182 658 2246 dc
681 2183 741 2258 eis,
775 2183 830 2264 qui
856 2202 896 2246 ex
918 2183 1090 2247 certamine
1114 2183 1295 2266 superiores
1318 2182 1378 2247 dis·

277 2290 436 2355 cederent.
481 2289 575 2356 Unde
602 2292 759 2374 originem
792 2291 931 2373 duxerit,
964 2292 1153 2357 scholiastes
1184 2291 1235 2356 his
1270 2292 1378 2356 verbis

276 2406 397 2464 narrat:
436 2402 584 2483 πυραμοῦς
607 2397 682 2468 εἶδος
704 2402 883 2468 πλακοῦντος
905 2399 938 2462 ἐκ
960 2399 1076 2482 μέλιτος
1096 2400 1190 2485 ἑφθοῦ
1213 2400 1259 2462 καὶ
1281 2403 1378 2483 πυρῶν

276 2508 497 2593 πεφρυγμένων,
521 2511 561 2578 ὡς
582 2508 630 2571 καὶ
652 2513 800 2593 σησαμοῦς
822 2513 855 2572 τὸ
878 2507 924 2571 διὰ
947 2511 1098 2592 σησάμων.
1121 2513 1212 2572 ταῦτα
1235 2509 1268 2572 δὲ
1291 2508 1379 2571 tatta-

278 2641 330 2680 σαν
352 2615 429 2681 ἆθλα
463 2622 521 2686 τοῖς
554 2619 784 2703 διαγρυπνηταῖς.
818 2617 940 2681 εἰώθασι
970 2617 1026 2700 γὰρ
1060 2618 1088 2680 ἐν
1121 2622 1180 2686 τοῖς
1212 2617 1379 2700 συμποσίοις

278 2727 458 2808 ἁμιλλᾶσθαι
478 2727 543 2810 περὶ
565 2727 732 2810 ἀγρυπνίας,
765 2727 812 2790 καί
839 2727 854 2789 ί)
888 2727 1104 2810 διαγρυπνήσας
1136 2725 1222 2810 μέχρι
1254 2731 1306 2808 τῆς
1337 2725 1378 2788 ἕω

278 2835 424 2920 ἐλάμβανε
447 2835 495 2898 τὸν
518 2840 714 2919 πυραμοῦντα.
760 2837 823 2905 sed
856 2837 960 2900 locum
992 2836 1157 2921 proverbii
1183 2836 1379 2900 locutionem

278 2944 453 3010 obtinuisse
475 2965 578 3027 neque
601 2946 793 3010 scholiastae
815 2945 1072 3027 referuntneque
1087 2945 1377 3029 paroemiographi.

277 3053 462 3118 Athenaeus
489 3054 562 3135 XV,
595 3052 665 3137 aaa
686 3055 881 3120 locutionem
906 3055 1136 3139 interpretatur
1158 3074 1216 3138 per
1237 3053 1378 3137 ἡμέτερον

276 3164 310 3224 τὸ
331 3163 493 3246 τερμοίτιον,
515 3165 569 3227 ubi
591 3164 900 3229 meritoLobeckius
926 3164 1085 3248 Aglaoph.
1109 3184 1139 3247 p.
1166 3162 1245 3227 1078
1267 3165 1379 3245 πεμμά-

276 3293 333 3333 τιον
356 3292 415 3356 pro
438 3271 589 3357 θέματιον,
613 3268 697 3356 quod
720 3273 879 3338 Boechius
901 3274 1073 3357 probabat,
1096 3272 1279 3356 reposuisse
1302 3273 1378 3336 mihi

276 3380 413 3447 videtur.

376 3492 529 3556 Veterum
562 3500 667 3556 autem
699 3490 882 3555 testimonio
915 3489 1127 3573 proverbialis
1160 3497 1230 3555 erat
1254 3490 1376 3555 locutio

277 3599 338 3685 ἀφ’
370 3596 514 3669 Ἑστίας
547 3598 741 3685 ἄρΛεσθαι,
776 3598 923 3684 profecta
944 3619 984 3664 ex
1006 3599 1203 3664 Graecorum
1225 3620 1320 3680 more,
1343 3606 1378 3664 ut

274 3711 377 3776 Vesta
399 3712 459 3777 dea
480 3712 513 3774 in
529 3711 674 3774 omnibus
687 3710 789 3773 sacris
801 3709 960 3774 faciundis
977 3716 1010 3774 et
1021 3709 1259 3792 precationibus
1275 3708 1378 3793 prima

275 3822 413 3886 omnium
435 3820 621 3886 caelestium
643 3820 856 3884 invocaretur.
902 3818 942 3883 cl.
966 3819 1097 3899 Preller,
1124 3818 1211 3900 grah.
1229 3818 1328 3900 Myth.
1350 3818 1376 3883 Ι.

274 3952 306 4015 μ.
327 3929 399 3994 271.
444 3932 527 3994 Hinc
549 3929 669 3994 locutio
694 3928 743 4013 ἀφ’
759 3925 876 3997 Ἑστίας
905 3925 1051 4012 ἄρχεσθαι
1084 3927 1255 4010 proverbio
1278 3927 1378 3991 inore·

274 4040 373 4121 bruil,
407 4040 446 4104 dc
478 4040 519 4104 iis
552 4040 647 4104 rebus
681 4037 780 4117 dicta,
815 4057 896 4121 quae
929 4038 1052 4121 primae
1073 4035 1211 4099 omnium
1233 4036 1377 4119 agendae

274 4159 390 4214 essent.
443 4147 622 4231 Usurpavit
655 4167 726 4213 eam
754 4145 990 4229 Aristophanes
1022 4145 1055 4208 in
1089 4165 1176 4228 vesp.
1209 4143 1279 4208 846.
1335 4144 1375 4208 cf.

274 4257 393 4323 Zenob.
416 4259 442 4341 Ι,
464 4257 492 4339 4,
516 4258 569 4342 qui
591 4277 654 4321 nou
677 4262 765 4320 recte
785 4275 855 4319 eam
877 4255 1022 4336 explieat
1044 4274 1117 4338 per:
1151 4253 1323 4336 μετήνικται
1344 4253 1377 4316 δὲ

274 4366 332 4430 ἀπὸ
355 4369 412 4430 τῶν
434 4366 500 4451 περὶ
526 4365 562 4427 τὰ
582 4364 646 4449 ἱερὰ
667 4361 842 4447 δρωμένων·
876 4360 946 4432 ἔθος
979 4362 1035 4448 γὰρ
1068 4361 1103 4448 ἦν
1134 4366 1172 4447 τῇ
1192 4357 1293 4447 Ἑστίᾳ
1326 4361 1377 4431 τὰς
