3100 4974
712 290 751 361 41

283 494 330 560 Ut
352 494 496 558 omittam
517 492 684 578 perfidiam
708 493 947 572 Thessalorum,
974 492 1015 557 de
1035 510 1098 574 qua
1121 493 1169 571 ci„
1184 493 1283 561 schol.

180 604 225 668 ad
247 604 326 687 plut.
350 602 427 683 522,
459 611 493 669 et
525 603 719 669 Phoenicum
749 610 971 683 mercaturam,
1005 602 1095 684 cujus
1123 604 1154 667 iu
1178 603 1283 685 trgum

182 711 244 774 709
266 713 386 777 mentio
407 712 451 793 fit,
473 712 630 777 hocloco
653 713 906 775 commemorabo
936 701 1146 779 tantumlora
1169 711 1285 795 Corcy-

180 842 342 902 raeorum,
377 816 544 904 Κερκυραία
565 818 664 903 μάστιξ
691 820 723 885 in
752 840 801 885 av,
830 818 920 885 1463.
963 820 1058 905 Apud
1085 820 1284 901 Corcyraeos

181 932 266 996 enim
288 938 380 995 tnnte
401 931 520 995 lorcin
538 950 594 993 usu
616 936 775 1010 mantnt
796 929 1013 1012 inproverbii
1026 930 1284 997 consuetudinem

180 1040 339 1120 venirent,
367 1048 404 1103 ut
425 1040 613 1105 scholiastes
634 1038 790 1120 explicat:
818 1041 948 1121 συνεχῶς
970 1033 1286 1120 &estpotestate

179 1147 319 1229 γίνονται·
349 1136 396 1210 dmi
425 1147 458 1209 τὸ
481 1149 646 1219 στασιάζειν
667 1144 717 1209 οὖν
739 1144 905 1218 ἐπεπόλαζε
926 1148 992 1228 παρ’
1015 1146 1118 1219 αὐτοῖς.
1134 1146 1285 1230 ἡζμάστιξ,

180 1256 261 1319 ὥστε
283 1258 397 1324 διπλαῖς
419 1257 549 1340 χρῆσθαι
570 1258 708 1340 μεγάλαις
730 1254 777 1317 καλ
797 1253 1053 1338 ἑλαφαντοκόποις.
1097 1256 1221 1321 Similia
1243 1255 1283 1319 cf.

180 1382 235 1447 ap.
258 1366 334 1430 Zen.
355 1363 428 1447 4,49
457 1375 490 1429 et
518 1366 658 1448 Hesyeb.
712 1365 814 1431 Recte
849 1364 942 1445 Diog.
966 1366 1005 1445 V,
1027 1363 1069 1425 49
1092 1365 1283 1429 locutionem

179 1474 323 1557 explicat
344 1495 403 1559 per
426 1473 550 1536 ἐπὶτῶν
573 1475 709 1556 μεγάλων
732 1473 887 1555 μαστίγων.
925 1473 1087 1545 Laudibus
1103 1475 1194 1539 effert
1209 1473 1283 1538 Gor-

180 1602 368 1666 oyraeorum
391 1584 461 1648 lora
474 1568 640 1647 Plutarch.
682 1583 765 1649 Mor.
787 1580 859 1647 842.
882 1583 925 1646 D:
949 1578 1153 1666 ὦΚερκυραία
1175 1584 1283 1666 μάστιξ,

180 1694 223 1758 ὡς
244 1693 364 1753 πολλῶν
388 1693 539 1754 ταλάντων
562 1689 589 1753 si
608 1691 682 1760 ἀξία.

286 1800 484 1881 Locutionis,
504 1820 585 1882 quae
607 1801 639 1864 in
661 1798 842 1882 frgmtecs
865 1800 919 1882 (ci.
932 1802 1050 1869 Zenob.
1065 1802 1126 1886 1,1)
1149 1803 1282 1886 legitur:

177 1905 345 1994 Ἀβυδηνὸν
367 1907 546 1993 ἐπιφόρημα,
578 1910 739 1977 Zenobius
767 1909 921 1992 originem
945 1911 1212 1994 dupliciratione
1234 1931 1284 1976 cx·

182 2020 293 2102 plicat,
316 2039 449 2101 querum
470 2018 573 2083 ultera
593 2020 627 2082 in
645 2039 686 2084 eo
700 2020 889 2100 continetur,
912 2019 999 2103 quod
1011 2021 1095 2103 apud
1110 2021 1283 2104 Abydenus

180 2147 257 2193 usus
278 2133 364 2208 erat,
393 2136 428 2191 ut
448 2133 524 2211 post
546 2148 657 2192 cenam
677 2128 796 2192 liberos
819 2149 893 2193 suos
915 2129 1131 2219 producerent
1151 2130 1283 2214 hospiti·

180 2239 305 2320 busque
321 2236 542 2318 ostenderent3
566 2237 668 2301 altera
689 2237 769 2301 haec
793 2247 851 2318 est,
874 2239 902 2302 si
917 2240 1025 2302 verbis
1048 2239 1283 2322 paroemiogra·
1403 2262 1407 2268 ·

181 2346 239 2429 phi
263 2346 310 2410 uti
331 2347 409 2410 mibi
429 2347 541 2413 liceat:
568 2346 676 2430 εἴρηται
697 2348 717 2428 ἡ
739 2346 873 2429 παροιμία
896 2346 942 2411 καὶ
965 2347 1022 2410 άπὸ
1046 2350 1096 2409 τοῦ
1117 2347 1164 2411 ὑπ’
1187 2346 1283 2411 αὐτῶν

182 2453 243 2537 (sc.
259 2455 435 2538 Abydenos
450 2456 543 2536 dicit)
559 2457 804 2541 συκοφαντεῖσθαι
825 2456 892 2523 τοὺς
905 2454 1016 2525 ξένους·
1041 2453 1282 2540 ἔνθενἈριστοφ.

181 2562 235 2625 τὸν
267 2565 454 2647 συκοφάντην
483 2563 690 2650 Ἀβυδοκόμγν
723 2565 772 2647 (ut
796 2566 980 2633 Dindorfius
1014 2567 1112 2630 scribi
1134 2566 1202 2630 uult
1223 2585 1282 2650 pro

186 2669 464 2757 ’λβοδηνσκώμγν);
487 2692 581 2757 quam
597 2675 732 2757 originis
747 2677 1040 2760 interpretationem
1050 2681 1153 2761 poeta
1165 2682 1282 2755 noster,

185 2802 255 2846 oum
277 2783 507 2866 sycophaotsm
530 2781 733 2869 Ἀβυδοκόμγν
755 2786 936 2868 vocaverit,
967 2787 1123 2868 probasse
1144 2786 1281 2850 videtur.

284 2891 419 2976 Quoquo
439 2892 532 2956 modo
548 2912 601 2957 res
622 2912 657 2957 se
677 2892 781 2974 habet,
800 2893 871 2958 sive
884 2894 1005 2960 locutio
1019 2901 1092 2958 orta
1105 2900 1156 2958 est
1170 2875 1211 2959 err
1225 2894 1282 2959 illo

188 3018 280 3082 more,
300 3021 396 3084 quem
417 3021 516 3084 supra
525 3004 789 3083 commemoravi,
812 3005 881 3067 sive
903 3024 943 3067 ex
964 3003 1100 3088 perfidia
1115 3003 1283 3086 Abydeno·

186 3129 261 3191 rum,
283 3118 418 3193 utraque
440 3112 473 3174 in
494 3111 760 3194 interpretatione
780 3113 982 3177 desideretur
996 3112 1167 3176 locutionis
1188 3112 1283 3194 signi·

183 3216 310 3300 ficeti03
348 3239 432 3301 quae
454 3239 525 3283 mea
546 3219 674 3303 quidem
693 3221 857 3286 sententis
877 3242 916 3285 ea
938 3227 1019 3302 erat,
1042 3229 1078 3286 ut
1097 3221 1220 3285 locutio
1238 3221 1282 3285 de

182 3327 230 3391 eis
253 3328 428 3409 diceretur,
463 3329 517 3410 qui
544 3329 654 3413 primo·
674 3330 834 3395 beneficia
865 3332 899 3395 in
931 3331 1069 3414 aliquem
1092 3329 1282 3412 conferrent,

181 3445 247 3499 tum
270 3436 427 3501 beneficia
448 3445 607 3503 mutarent
628 3440 661 3502 in
683 3439 850 3504 maleficia.
1266 3528 1269 3532 A

204 3576 209 3583 -
283 3545 333 3609 De
354 3545 596 3628 Megarensibus
608 3548 690 3612 duae
701 3548 882 3613 locutiones
896 3549 1078 3613 afferendae
1100 3556 1180 3630 sunt,
1202 3569 1283 3632 quae

182 3658 259 3716 sumt
290 3649 476 3738 Μαγαρικὴ
508 3657 658 3740 μηχανή
690 3663 725 3721 et
755 3655 872 3736 γέλως
899 3655 1117 3740 Μεγαρικός,
1150 3679 1284 3741 quarum

181 3762 269 3827 illius
291 3764 410 3828 mentio
431 3763 468 3827 fit
489 3764 521 3827 in
543 3764 623 3828 th.
648 3762 716 3845 738,
739 3766 793 3829 ubi
815 3767 1005 3831 scholiastes
1027 3768 1108 3831 hanc
1131 3769 1284 3852 interpre-

114 3927 122 3941 .
181 3871 336 3939 tutionem
360 3875 505 3955 praebet:
530 3872 590 3939 ἀντὶ
611 3877 661 3935 τοῦ
688 3877 815 3957 πονηρά,
839 3879 1000 3959 πανοῦργος
1020 3879 1153 3961 μηχανή·
1173 3877 1285 3961 διεβάλ-

184 3980 270 4040 λοντο
292 3978 347 4064 γὰρ
371 3980 415 4042 ἐπὶ
438 3982 563 4066 πονηρίαι
582 3985 608 4045 οἱ
630 3981 793 4068 Μεγαρεῖςγ-
806 3983 885 4047 ἄλλα
908 3985 959 4066 μὲν
982 3985 1122 4068 λέγοντες,
1151 3984 1231 4048 ἄλλα
1251 3985 1284 4048 δὲ

182 4091 341 4154 ποιοῦντες.
400 4088 520 4166 Quodsi
541 4093 692 4157 Erasmus
720 4115 750 4177 p.
774 4092 834 4155 351
859 4095 954 4158 etiem
977 4095 1105 4159 aliunde
1128 4096 1283 4177 originem

182 4197 354 4262 locutionis
372 4198 451 4263 :duci
477 4208 574 4285 posse
607 4202 698 4283 dicit,
732 4203 779 4266 sic
803 4189 983 4287 disputans:
1023 4211 1177 4284 „constat
1190 4206 1283 4286 enim,

182 4306 350 4371 Euclidem
366 4306 568 4373 Socraticum
579 4310 678 4375 fuisse
685 4312 892 4394 Megaricum,
915 4313 969 4395 qui
985 4314 1128 4398 suscepit
1142 4314 1282 4379 scholam

182 4417 390 4505 Megaricam.
434 4417 498 4487 Hic
527 4418 587 4489 tuit
615 4421 750 4510 insignis
779 4422 1141 4505 machinarum‘artiferr.
1187 4423 1283 4496 <Fieri
