3100 4974
675 245 875 340 -ν-

226 443 297 508 tnr‘l
330 443 457 522 Quare
479 445 646 528 docemur,
669 447 858 512 scholiastes
881 452 914 511 et
935 447 1240 531 paroemiographos
1262 468 1326 513 non

226 574 334 618 omnes
360 553 539 619 locutiones
572 561 715 633 retusam
753 566 950 642 quapropter
982 575 1165 638 caveamus,
1198 578 1238 622 ne
1271 577 1325 622 eas

225 670 344 726 tantum
368 663 546 728 locutiones
561 665 634 730 loco
650 665 813 750 proverbii
828 666 1008 746 habeamus,
1031 684 1110 747 quas
1131 665 1325 729 scholiastae

225 772 568 857 paroemiographique
590 783 792 857 notaverunt5
814 774 873 839 sed
895 775 923 838 si
945 795 1008 857 qua
1023 775 1142 837 locutio
1159 775 1324 857 proverbii

224 881 364 964 speciem
386 884 549 968 praebeat,
571 884 633 949 etsi
654 883 837 950 testimonia
858 890 1000 948 veterum
1022 882 1181 963 deficiant,
1210 903 1250 947 ne
1272 883 1325 947 du·

222 991 369 1068 bitemus
392 1004 480 1057 certe
501 999 605 1058 tamen
628 1014 696 1057 eam
720 1011 974 1058 commemorare.

327 1099 362 1163 ln
382 1103 477 1166 rebus
498 1102 657 1165 hominum
680 1102 809 1166 divitias
832 1101 958 1165 maximi
981 1120 1053 1166 esse
1083 1101 1240 1182 momenti,
1274 1121 1324 1167 ve·

221 1208 283 1273 luti
309 1229 426 1274 nervos
453 1232 558 1275 rerum
586 1213 737 1292 omnium,
771 1210 890 1275 Graeci
915 1209 977 1273 hoc
1004 1210 1176 1294 proverbio
1206 1210 1325 1276 elocuti

222 1325 310 1382 sunt:
334 1316 387 1380 θκ’
410 1318 583 1403 ἀργύριον
605 1312 642 1403 ἡ,
664 1321 775 1383 πάντα
790 1320 849 1381 θεῖ
867 1318 1099 1398 κάλαύνεται,
1123 1318 1214 1402 cujus
1230 1326 1325 1402 poeto

221 1427 412 1492 mentionem
445 1428 525 1492 facit
555 1430 588 1492 in
622 1429 739 1495 eccles.
764 1426 921 1490 roo-9:

422 1555 526 1616 τούτου
548 1578 583 1636 γε
605 1554 696 1615 τοίνυν
719 1556 770 1637 τὴν
792 1555 928 1618 ἐπιοῦσαν
950 1554 1060 1639 ἡμέραν

423 1661 561 1746 τόλμημα
592 1666 746 1746 τολμῶμεν
773 1667 912 1727 τοσοῦτον
940 1664 1052 1746 οὕνεκα,

422 1769 457 1855 ἤν
479 1795 543 1839 πως
574 1773 751 1858 παραλαβεῖν
774 1778 826 1855 τῆς
847 1771 964 1840 πόλεως
989 1772 1025 1835 τὰ
1046 1774 1203 1857 πράγματα

423 1880 577 1964 δυνώμεθ’,
600 1882 668 1944 ὥστ’
694 1881 803 1963 ἀγαθόν
827 1905 851 1943 τι
872 1881 976 1963 πρᾶξαι
998 1883 1049 1966 τὴν
1072 1880 1169 1943 πόλιν·

421 1993 468 2052 νῦν
491 1988 619 2074 μὲνγὰρ
641 1987 709 2053 οὔτε
731 1989 839 2073 θέομεν
861 1987 921 2052 οὔτ’
944 1989 1113 2073 ἐλαύνομεν.

324 2106 379 2172 Sic
393 2107 564 2190 loquuntur
579 2108 736 2190 mulieres,
758 2129 840 2192 quae
854 2128 958 2173 rerum
974 2108 1135 2192 petiturae
1150 2116 1230 2189 suot,
1252 2128 1324 2191 que·

221 2222 339 2297 rentes,
361 2236 462 2300 usquc
485 2217 526 2279 ad
547 2216 581 2280 id
604 2224 728 2301 tempus
748 2238 783 2282 se
803 2218 836 2281 in
858 2217 985 2280 summis
1005 2216 1143 2281 miseriis
1165 2236 1236 2281 esse
1257 2237 1324 2281 ver·

222 2332 324 2407 satas3
355 2326 439 2408 quod
472 2326 527 2389 illo
561 2326 734 2410 proverbio
764 2326 961 2409 eloquuntur.
1009 2325 1160 2390 Doricam
1192 2325 1324 2390 ¹sormam

223 2436 456 2514 conjunctionis
480 2434 533 2496 tra
556 2436 696 2499 restituit
716 2435 880 2500 Bentleius
901 2455 960 2518 pro
989 2433 1006 2496 ὅ
1027 2435 1052 2496 κ’
1074 2433 1207 2517 ἀργύριον
1229 2434 1324 2498 libro·

221 2564 307 2627 rum;
329 2544 470 2609 Atticam
491 2545 626 2628 legimus
647 2546 680 2607 in
713 2545 806 2629 epist.
829 2547 968 2609 Aristeu.
1006 2545 1031 2625 1,
1056 2541 1097 2604 14
1124 2543 1178 2625 (cl.
1202 2543 1321 2608 adnott.

224 2652 265 2715 ad
282 2654 395 2737 Apost.
414 2652 460 2733 12,
475 2652 546 2737 56):
569 2655 636 2716 ἀλλ’
660 2654 710 2715 ἐὰν
733 2653 866 2738 ἀργύριον
889 2678 914 2715 ν..
937 2675 962 2716 τ.
986 2654 1012 2716 λ.
1046 2651 1201 2716 Similiter
1216 2653 1324 2717 Petro·

223 2763 294 2827 nius
316 2764 405 2826 satir.
431 2762 504 2829 1372

373 2905 524 2990 Quisquis
545 2906 642 2970 habet
663 2926 813 2988 nummos,
836 2925 950 2971 secura
971 2904 1102 2987 naviget
1124 2926 1209 2986 aura,

371 3016 607 3098 Fortunamque
629 3035 686 3080 suo
711 3023 869 3097 temperet
891 3014 1034 3080 arbitrie.

321 3150 385 3214 Vel
411 3151 444 3214 in
470 3150 620 3215 amicitiis
648 3150 857 3214 conciliandis
883 3150 1026 3214 homines
1053 3168 1212 3234 persaepe
1242 3148 1319 3211 divi·

222 3259 335 3324 tiarum
356 3267 477 3324 tantum
500 3260 655 3324 rationem
677 3259 803 3339 habere,
826 3258 969 3323 Graecos
992 3279 1055 3323 non
1071 3258 1190 3341 effugit,
1212 3265 1246 3321 ut
1268 3263 1319 3321 est

220 3370 253 3432 iu
275 3370 463 3453 proverbio:

322 3480 369 3562 μή
392 3501 449 3562 μοι
470 3475 538 3540 τότ’
563 3474 692 3561 ἔλθῃς,
715 3478 797 3541 ὅταν
821 3478 889 3561 ἐγὼ
911 3478 1059 3562 πράττω
1082 3480 1212 3544 καλῶς·
1230 3476 1321 3560 cujus

219 3587 454 3672 Aristophanes
476 3587 618 3652 meminit
650 3588 681 3650 in
710 3609 759 3651 av.
785 3586 859 3669 134,
892 3587 1027 3650 ridicule
1049 3590 1147 3653 καλῶς
1168 3586 1202 3648 in
1223 3590 1322 3652 κακῶς

219 3702 355 3779 mutato,
389 3716 481 3779 quem
502 3696 607 3760 locum
629 3697 818 3761 scholiastes
846 3698 893 3760 sic
923 3697 1078 3778 explieat:
1112 3694 1250 3777 παροιμία
1276 3693 1322 3755 ἐπὶ

218 3810 278 3868 τῶν
301 3807 340 3890 μὴ
362 3804 583 3891 συνερχομένων
610 3811 668 3874 τοῖς
695 3806 788 3891 φίλους
814 3806 843 3868 ἐν
870 3805 1020 3872 κινδύνοις·
1055 3804 1147 3875 παίζει
1174 3804 1207 3865 δὲ
1233 3803 1262 3870 ἐς
1289 3805 1321 3863 τὸ

219 3914 355 3980 ἐναντίον.
399 3917 500 3979 Miror
532 3914 617 3997 quod
650 3936 669 3978 a
701 3915 997 3999 paroemiographis
1030 3914 1090 3976 hoo
1118 3913 1320 3997 proverbium

219 4045 283 4088 non
305 4032 489 4090 annotatum
510 4034 568 4089 est.
612 4025 700 4088 Bene
722 4024 872 4087 Erasmus
887 4023 997 4115 Mag.
1021 4045 1051 4106 p.
1072 4020 1114 4083 84
1135 4041 1192 4086 nos
1215 4021 1320 4084 admo·

218 4140 282 4215 net,
305 4134 439 4199 similem
462 4134 652 4199 sententiam
674 4134 831 4198 contineri
852 4134 885 4197 in
907 4153 975 4196 ran.
997 4129 1057 4193 537

520 4268 731 4349 μετακυλίνδειν
755 4266 842 4329 αὑτὸν
864 4267 910 4328 ἀεί

519 4375 591 4459 πρὸς
612 4376 662 4440 τὸν
684 4372 717 4440 εὖ
737 4377 898 4459 πράττοντα
920 4377 1033 4459 τεῦχον,
