3100 4974
664 331 862 339 Μ-

211 440 383 524 abactae),
417 445 472 525 qui
503 463 615 508 vooem
641 444 825 526 „adugium“
859 445 970 510 eadem
992 466 1032 510 ex
1052 446 1154 531 stirpe
1177 445 1309 512 derivat.

209 551 285 615 Non
307 551 435 615 dubium
457 562 514 632 est,
536 554 612 636 quin
635 554 715 621 iuteo
738 554 781 617 sit
803 563 893 618 reeta
915 534 1117 638 etymologia.

314 661 393 724 Tum
414 661 627 744 quaerendum
649 668 707 742 est,
732 663 808 745 quid
830 664 872 728 sit
892 665 1095 747 proverbium
1118 670 1149 728 et
1164 683 1247 746 quae
1268 662 1312 726 lo·

212 769 357 833 erutiones
380 769 545 833 habendae
568 771 632 834 sint
654 773 885 855 proverbiales,
962 826 966 839 f

313 878 385 941 Jam
408 879 543 960 Diogen.
567 880 599 942 in
623 880 724 962 praef.
748 902 836 964 prov.
862 884 925 946 vim
948 882 1112 966 proverbii
1135 882 1182 944 sio
1204 879 1311 945 defini·

209 987 273 1050 vit:
296 986 354 1048 ἐπὶ
374 987 408 1049 δὲ
429 988 567 1070 παροιμία
589 987 694 1069 τρίπος
715 990 763 1051 καὶ
784 995 836 1074 τῆς
858 990 1040 1074 καλουμένης
1064 989 1248 1073 ἀλληγορίας·
1272 990 1310 1054 si·

208 1096 328 1159 militer
349 1098 497 1178 Apostol.
519 1097 552 1159 in
575 1097 675 1180 praef.
699 1119 803 1183 prou:
839 1100 975 1184 παροιμία
1008 1099 1067 1162 ἐστὶ
1101 1097 1187 1180 λόγος
1214 1098 1309 1160 ἐπικα-

209 1206 328 1266 λύπτων
351 1204 382 1266 τὸ
405 1204 497 1288 σαφὲς
518 1205 644 1289 ἀσαφείᾳ
664 1206 684 1289 ἢ
707 1233 736 1271 τι.
761 1208 821 1270 ἐστὶ
842 1209 970 1292 διήγημα
992 1205 1163 1292 παροδικίν,
1189 1205 1209 1288 ἢ
1231 1205 1310 1290 ρημα

207 1311 395 1395 τετριμμένον
417 1318 455 1397 τῇ
477 1315 582 1398 χρήσει
597 1319 654 1378 τῶν
676 1339 709 1399 γε
731 1319 863 1397 πολλῶν,
898 1314 956 1378 ἀπό
978 1341 1009 1380 τε
1032 1320 1137 1400 μικρῶν
1160 1339 1242 1379 τινων
1264 1315 1312 1378 καὶ
1398 1314 1402 1320 ’

208 1422 318 1503 ὀλίγων
351 1422 398 1506 ἐφ’
431 1423 516 1506 ὅμοια
552 1424 645 1487 πλείω
678 1425 725 1487 καὶ
760 1425 848 1508 μείζω
885 1426 1107 1509 μεταληρῦῆναι
1141 1426 1309 1508 δυνάμενον.

207 1531 317 1594 Etiam
339 1532 500 1615 Tryphon,
524 1534 587 1615 περὶ
608 1531 732 1616 τρόπων,
756 1534 804 1598 ed.
829 1535 947 1617 Speng.
971 1535 1019 1598 ΙΙΙ
1041 1556 1073 1617 p.
1100 1533 1156 1595 191
1181 1554 1310 1618 prover·

207 1642 297 1705 bium
318 1643 352 1704 in
374 1661 503 1706 numero
526 1649 690 1726 troporum
711 1644 828 1726 posuit.
873 1643 962 1720 Quae
982 1643 1182 1708 definitiones
1206 1663 1311 1727 quam-

207 1752 259 1814 vis
283 1771 345 1814 uon
368 1752 432 1814 sint
453 1750 567 1834 falsae,
600 1762 706 1816 tamen
730 1772 791 1816 non
814 1754 893 1816 satis
915 1753 1050 1818 idoneae
1073 1753 1149 1816 mihi
1171 1771 1243 1817 esse
1266 1752 1309 1815 vi·

209 1860 333 1925 dentur.
367 1860 480 1944 Neque
502 1860 598 1927 facile
620 1862 669 1924 vis
692 1863 856 1943 proverbii
878 1864 991 1946 pausis
1014 1861 1192 1927 definiatur.
1226 1862 1309 1926 Nam

209 1970 346 2053 primum
369 1991 439 2034 mea
461 1972 589 2053 quidem
611 1971 763 2055 opinione
785 1973 818 2034 in
841 1991 969 2035 numero
991 1972 1233 2056 proverbiorum
1255 1990 1308 2054 po

210 2080 335 2144 nendae
357 2091 430 2143 sunt
451 2080 642 2160 locutionem
676 2101 755 2164 quas
783 2082 879 2162 vulgo
909 2081 1123 2162 „senteutias“
1147 2099 1308 2144 vocamus.

207 2187 393 2253 Sententiae
414 2189 492 2251 nihil
515 2189 602 2252 aliud
623 2190 806 2273 significant
826 2211 919 2273 quam
936 2189 1020 2274 quod
1043 2210 1082 2254 ex
1097 2191 1206 2255 verbis
1228 2189 1309 2273 ipsis

205 2297 409 2383 intelligitur3
433 2317 513 2381 quas
536 2311 571 2363 ut
592 2319 721 2363 numero
743 2301 986 2383 proverbiorum
1009 2300 1186 2364 attribuere
1208 2299 1310 2383 possi-

208 2427 285 2487 mus,
309 2426 441 2471 necesse
464 2414 521 2487 est,
543 2409 576 2471 in
592 2417 712 2473 eurtum
727 2407 859 2471 formam
876 2429 946 2473 esse
963 2408 1111 2473 redamas
1134 2418 1229 2491 atque
1248 2407 1309 2471 hae

207 2518 241 2580 in
263 2516 365 2580 forma
387 2517 516 2600 saepius
538 2518 717 2602 inscriptis
735 2524 875 2582 veterum
891 2517 983 2581 nobis
999 2536 1178 2581 occurrere.
1215 2514 1309 2593 Quod

208 2627 449 2709 proverbiorum
482 2646 582 2708 genus
615 2648 677 2691 non
711 2627 812 2690 sulum
838 2614 870 2689 iu
899 2627 1025 2690 Graeco
1058 2625 1116 2690 sed
1146 2625 1243 2689 etiam
1275 2624 1307 2686 in

209 2742 318 2797 nostro
341 2753 487 2798 sermone
509 2715 733 2818 per·vul{gatum
756 2742 814 2800 est.

308 2842 452 2907 Alterius
474 2844 603 2926 generis
625 2851 698 2909 sunt
719 2845 927 2930 metaphorae
949 2864 1081 2928 eaeque,
1104 2863 1186 2925 quae
1208 2848 1308 2906 tanto·

211 2970 285 3034 pere
305 2953 339 3015 in
361 2972 417 3016 ore
439 2952 527 3036 vulgi
548 2961 696 3018 versatae
716 2954 792 3035 sint,
825 2956 872 3017 ut*
886 2973 941 3018 eas
963 2955 1112 3034 vulgares
1140 2953 1210 3017 sive
1237 2972 1307 3037 pro·

211 3061 368 3125 verbiales
391 3063 602 3146 appellemus;
635 3063 757 3126 adhoc
780 3083 879 3143 genus
901 3063 1064 3146 Apostolii
1085 3064 1201 3142 verba,
1225 3081 1307 3145 quae

208 3189 306 3255 supra
327 3171 434 3252 attuli,
469 3173 630 3254 pertinere
654 3170 809 3235 videntur.
853 3171 936 3248 Quid
959 3171 1002 3235 sit
1023 3172 1221 3254 metaphora,
1254 3169 1307 3234 vel

208 3280 236 3341 si
257 3280 358 3343 mavis
380 3280 565 3352 translatio,
595 3279 787 3345 Aristotelea
810 3301 873 3363 περ.
897 3302 990 3363 ποιητ.
1013 3277 1086 3361 21,4
1117 3280 1167 3343 his
1200 3279 1307 3343 verbis

207 3389 316 3452 docet:
350 3388 502 3472 μεταφορὰ
533 3387 567 3451 δέ
594 3388 668 3450 ἐστιν
699 3387 839 3472 ὀνόματος
867 3389 1022 3473 ἀλλοτρίου
1053 3387 1179 3471 ἐπιφορὰ
1204 3386 1224 3469 ἢ
1248 3386 1306 3449 ἀπὸ

207 3500 258 3559 τοῦ
280 3496 382 3579 γένους
404 3497 451 3559 ἐπὶ
472 3495 557 3581 εἶδος,
578 3497 597 3581 a
621 3497 680 3559 ἀπὸ
703 3501 753 3559 τοῦ
776 3496 871 3565 εἴδους
893 3497 939 3559 ἐπὶ
960 3499 993 3559 τὸ
1015 3497 1111 3581 γένος,
1133 3495 1153 3580 ἤ
1175 3496 1232 3558 ἀπὸ
1255 3499 1307 3558 τοῦ

207 3604 303 3674 εἴδους
330 3606 375 3669 ἐπὶ
401 3603 491 3681 εἶδος,
523 3605 543 3687 ἢ
570 3605 644 3668 κατὰ
671 3606 704 3667 τὸ
733 3606 884 3687 ἀνάλογον.
939 3607 1043 3690 Hujus
1076 3607 1202 3688 generis
1236 3616 1308 3668 sunt

208 3716 345 3798 piurima
377 3718 561 3800 proverbia,
597 3719 738 3800 quaein
767 3717 993 3801 Aristophanis
1021 3714 1196 3781 comoediis
1223 3715 1308 3779 inve·

207 3827 345 3889 niuntur.

309 3935 450 4000 Tertium
485 3934 621 4018 denique
653 3934 807 4019 quaedam
833 3935 1011 3999 locutiones
1038 3931 1204 3997 addendae
1226 3938 1307 4010 sunt,

209 4065 291 4128 quae
314 4045 458 4127 quamvis
480 4065 582 4127 neque
598 4045 671 4109 loeo
687 4046 915 4109 sententiarum
931 4062 1036 4128 neque
1050 4042 1306 4126 metaphorarum

208 4154 272 4218 sint
305 4153 485 4232 habendae,
522 4161 626 4217 tamen
661 4174 730 4217 eum
758 4159 846 4218 certa
874 4153 1010 4236 quadam
1036 4151 1138 4217 forma
1166 4153 1231 4215 sint
1251 4151 1305 4215 ad·

209 4264 354 4344 strictae,
387 4263 516 4326 vinoulo
539 4262 676 4345 quodum
699 4284 769 4327 oum
790 4263 973 4348 proverbiis
995 4282 1159 4328 connexae
1181 4269 1307 4326 suntet

208 4374 321 4438 merito
344 4371 501 4436 formulae
523 4371 651 4436 dicendi
674 4372 899 4457 appellantur·
