3100 4974
808 235 850 297 64

375 435 448 500 Hoc
480 436 553 501 loco
575 436 609 498 in
631 441 765 501 mentem
788 437 863 501 mihi
884 438 973 503 venit
1003 437 1188 520 locutionis,
1222 458 1304 521 quae
1336 457 1376 503 ex

276 542 388 608 eodem
410 543 498 609 fonte
516 545 630 609 hausta
650 551 708 627 est,
730 546 763 609 in
784 568 853 611 ran.
875 545 925 629 91,
947 548 1001 611 ubi
1022 547 1103 612 haec
1124 546 1286 629 leguntur:

476 670 665 753 μειρακύλλια
688 719 695 734 .
718 716 726 733 .
750 720 757 735 .
780 673 943 755 τραγῳδίας
964 674 1101 735 ποιοῦντα

477 775 631 860 Εὐριπίδου
653 778 772 862 πλεῖνῆ
802 781 937 865 σταδίῳ
967 780 1124 865 λαλίστερα

278 910 311 969 et
332 905 365 967 in
385 905 458 967 nub.
480 901 551 984 430,
574 906 627 967 ubi
652 903 854 990 Strepsiades
877 909 1054 972 anubibus
1076 908 1171 992 petit,
1193 915 1228 973 ut
1248 907 1378 971 faculta-

277 1020 341 1077 tem
363 1011 490 1075 dicendi
513 1012 582 1076 sibe
605 1012 682 1078 dent
705 1014 885 1080 maximam:

318 1120 343 1182 ὦ
365 1118 518 1202 δέσποιναι,
541 1119 644 1203 δέομαι
664 1121 756 1183 τοίνυν
778 1121 859 1202 ὑμῶν
881 1122 960 1184 τουτὶ
982 1125 1057 1185 ττᾶνυ
1080 1124 1191 1207 μικρόνλ

319 1232 376 1288 τῶν
395 1223 547 1310 Ἑλλήνων
570 1226 643 1290 εἶναί
662 1253 699 1312 με
721 1228 813 1310 λέγειν
834 1228 963 1291 ἑκατὸν
990 1230 1186 1294 σταδίοισιν
1209 1230 1336 1315 ἄριστον.

377 1351 477 1433 Quam
500 1352 632 1419 difficile
651 1356 744 1419 nobis
767 1355 809 1419 sit
833 1353 1026 1438 dijudicare,
1060 1361 1162 1420 utrum
1191 1359 1379 1441 metaphora

275 1460 382 1525 locum
405 1464 567 1546 proverbii
592 1466 735 1529 obtineat
756 1484 869 1542 necne,
899 1462 994 1546 plane
1014 1464 1210 1549 perspicitur
1232 1484 1272 1528 ex
1293 1465 1378 1530 locu·

276 1571 424 1654 tionibus,
447 1573 582 1656 quaein
604 1594 671 1637 ran.
693 1570 883 1634 aea-1004
905 1577 1092 1636 occurrunt:

476 1717 547 1778 τάδε
568 1715 620 1798 μὲν
643 1718 782 1795 λεύσσεις,
804 1715 913 1800 φαίδιμ’
936 1712 1090 1798 Ἀχιλλεῦ.

476 1822 510 1887 σὺ
534 1823 568 1887 δὲ
590 1824 622 1907 τί,
647 1823 719 1910 φέρε
741 1828 812 1907 πρδς
834 1826 924 1888 ταῦτα
947 1823 1052 1906 λέξεις;
1076 1820 1163 1905 μόνον
1185 1820 1265 1891 ὅπως

478 1934 518 2015 μὴ
542 1934 567 1993 α’
590 1933 606 1995 ὁ
630 1933 723 2018 θυμὸς
745 1934 880 2018 ἁρπάσας

479 2040 562 2110 ἐκτδς
583 2040 654 2106 σίσει
675 2048 732 2106 τῶν
755 2043 867 2106 ἐλαῶν·

480 2148 560 2213 δεινὰ
581 2150 636 2235 γὰρ
658 2151 871 2237 κατηγόρηκεν·

479 2257 558 2322 ἄλλολ
581 2258 661 2329 ὅπως
683 2263 708 2325 ὦ
730 2262 862 2343 γεννάδα,

480 2368 520 2451 μὴ
543 2371 615 2451 πρδς
637 2368 725 2453 ὀργὴν
747 2370 910 2453 ἀντιλέξεις,

479 2475 558 2538 ἄλλᾶ
580 2478 740 2561 συστείλας,
762 2477 873 2562 ἄκροισι

482 2587 636 2670 χρώμενος
657 2582 714 2656 τοῖς
736 2588 841 2667 ἱστίοις,

479 2692 541 2758 εἶτα
563 2699 675 2779 μᾶλλον
699 2699 812 2781 μᾶλλον
835 2695 920 2781 ἄξεις,

481 2803 528 2866 καὶ
549 2805 694 2889 φυλάξεις,

479 2913 550 2996 ἡνίκ’
573 2912 608 2977 ἄν
629 2915 662 2977 τδ
685 2917 798 2999 πνεῦμα
820 2919 897 2979 λεῖον

479 3022 526 3084 καὶ
545 3023 725 3109 καθεστηκὸς
749 3024 853 3108 λάβῃς.

280 3151 367 3230 Quae
390 3157 495 3238 verba,
517 3164 687 3242 postquam
707 3159 879 3244 Euripides
901 3156 1025 3221 fabulas
1045 3156 1199 3238 Aeschyli
1222 3156 1380 3240 vitupera·

279 3264 339 3346 vit,
364 3266 478 3330 chorus
501 3267 541 3331 ad
564 3269 756 3353 Aeschylum
779 3286 951 3332 conversus
973 3266 1099 3331 locutus
1121 3272 1185 3345 est,
1208 3264 1379 3329 adhortans

279 3394 319 3439 ne
341 3396 481 3459 purgans
505 3396 556 3458 ea,
591 3397 671 3459 quae
705 3378 767 3440 sibi
800 3376 929 3458 objecta
955 3383 1075 3454 essent,
1109 3373 1326 3437 vehementius
1349 3374 1381 3436 in

279 3482 465 3567 Euripidem
488 3485 699 3550 inveheretur.
744 3485 954 3550 Continentur
973 3484 1006 3546 in
1027 3482 1092 3547 illis
1120 3483 1266 3547 versibus
1288 3488 1382 3547 meta·

279 3594 400 3677 phorce
423 3594 518 3676 duae,
552 3615 682 3677 quarum
715 3595 819 3681 prima
851 3600 901 3659 est
934 3592 1014 3660 ἐκτδς
1035 3597 1091 3654 τῶν
1114 3585 1209 3654 ἐλαῶν
1232 3589 1381 3675 φέρεσθαι,

281 3704 384 3767 altera
405 3704 553 3772 συστειλας
576 3702 686 3789 ἄκροισι
707 3705 859 3790 χρώμενος
873 3707 931 3770 τοῖς
952 3702 1048 3770 ἱστίοις
1069 3699 1129 3764 εἶτα
1144 3702 1255 3784 μᾶλλον
1269 3701 1382 3782 μᾶλλον

281 3810 371 3893 diere,
401 3812 457 3876 illa
479 3835 498 3877 a
520 3815 692 3889 currendo,
726 3816 806 3879 haec
839 3836 859 3877 a
880 3811 1061 3895 navigando
1081 3811 1192 3895 petita.
1236 3808 1271 3873 si
1293 3808 1382 3872 scho-

280 3921 445 3986 liastarum
468 3925 690 3989 annotationes
713 3925 874 4004 deessent,
896 3943 958 3986 non
981 3921 1168 3984 haberemus
1190 3938 1230 3982 ex
1252 3937 1313 4000 quo
1335 3917 1381 3980 in·

280 4030 469 4114 telligamus,
490 4039 594 4096 utrum
608 4034 798 4117 metaphora
812 4029 1025 4114 proverbialis
1047 4028 1090 4092 sit
1108 4027 1255 4091 habenda
1270 4046 1380 4091 neone.

282 4139 345 4206 Sed
368 4141 462 4207 valde
484 4142 611 4207 fortuna
632 4143 725 4206 nohis
747 4142 842 4224 favit,
875 4160 956 4225 quae
984 4137 1226 4202 scholiastarum
1255 4140 1383 4199 annota-

281 4250 385 4315 tiones
407 4251 499 4315 nobis
522 4251 708 4331 servaverit,
732 4272 772 4317 ex
794 4252 908 4334 quibus
930 4246 1144 4331 intelligimus,
1167 4246 1302 4329 primam
1323 4264 1382 4309 me·

282 4360 450 4442 taphoram
483 4360 646 4443 proverbii
672 4360 779 4425 locum
807 4358 993 4424 obtinuisse.
1047 4356 1157 4421 Verba
1190 4353 1383 4420 scholiastae
