3100 4974
718 274 757 336 19

638 362 838 373 -.-——--

189 475 332 563 κεχηνότα
354 475 578 562 παραγίγνεσθαι
599 476 643 540 ἐπ’
665 475 751 539 αὐτό·
775 476 843 539 ὅταν
859 473 909 539 οὖν
932 478 971 560 μὴ
995 476 1084 562 λάβῃ,
1107 473 1123 538 δ
1145 479 1290 560 προαιρεῖ·

188 611 242 670 ται,
266 587 340 650 κατὰ
361 591 446 649 κενοῦ
468 586 556 649 αὐτὸν
578 591 675 671 χανεῖν
698 609 791 671 φασιν.
829 586 874 647 ἐπὶ
896 582 946 648 οὖν
969 590 1025 647 τῶν
1043 585 1291 669 σονελπιζομένων

188 697 421 784 χρηματιεῖσθαι,
459 694 711 779 διαμαρτανόντων
739 695 773 757 δὲ
796 693 913 775 λέγουσι
965 690 1013 756 Ἀ.
1038 692 1291 778 Θεσμοφοριαζού·

188 830 251 875 σοις
273 807 309 891 β’.
356 806 497 871 Similem
519 805 813 887 interpretationem
836 803 947 868 videas
970 825 1021 887 ap.
1044 803 1138 886 Diog.
1162 804 1218 886 VI,
1240 801 1291 867 20.

189 917 267 981 Cum
290 915 330 981 de
352 916 406 995 iis,
441 916 495 997 qui
521 914 638 979 frustra
665 914 785 997 aliquid
809 912 947 996 adipisci
970 919 1139 994 conantur,
1171 913 1292 977 locutio

189 1026 326 1105 dicatur,
354 1046 373 1088 a
395 1024 493 1105 Grcg.
517 1023 614 1106 prr.
638 1024 681 1088 M.
705 1023 762 1104 IV,
793 1021 832 1084 15
854 1030 886 1087 et
906 1025 1021 1105 Apost.
1045 1024 1092 1102 X,
1114 1019 1156 1084 85
1182 1021 1293 1085 addita

189 1142 239 1200 est
258 1155 322 1199 vox
343 1134 450 1217 μοίτηνε
487 1131 572 1199 λύκος
600 1134 694 1216 μοίτην
716 1131 826 1216 χανώνε
860 1129 905 1192 ἐπὶ
932 1134 990 1193 τῶν
1017 1132 1108 1215 μάτην
1139 1132 1292 1194 ποιοΰτων.

188 1243 225 1307 In
248 1243 368 1308 adnott.
392 1243 434 1306 ad
457 1242 554 1324 Greg.
573 1240 607 1305 Ο.
632 1241 674 1304 Μ.
692 1242 749 1322 IV,
774 1240 812 1302 15
833 1241 1024 1306 Leutschios
1047 1248 1197 1323 annotat,
1220 1259 1292 1323 pro·

188 1353 332 1419 verbium
355 1360 457 1417 ortum
480 1370 552 1417 esse
574 1370 614 1416 ex
636 1348 759 1432 fabula3
783 1348 823 1413 cf.
846 1350 955 1414 Babrii
979 1349 1064 1414 sabb.
1089 1347 1137 1414 16.
1278 1358 1281 1364 “

289 1487 375 1552 Usus
398 1494 448 1551 est
467 1485 701 1567 Aristophanes
723 1485 784 1548 hoc
807 1485 981 1567 proverbio
1004 1484 1037 1547 in
1059 1484 1135 1566 Lys.
1158 1481 1236 1548 629:

643 1616 778 1699 ἀνδράσιν
801 1617 986 1699 Λακωνικοῖς,

389 1725 444 1789 οἶσι
464 1725 565 1788 πιστὸν
587 1725 672 1788 οὐδὲν
695 1726 720 1787 εἰ
742 1726 782 1808 μή
805 1750 859 1810 περ
883 1728 963 1810 λίικιρ
986 1724 1128 1810 κεχηνότι.

290 1859 341 1923 Ad
363 1880 511 1944 rapacem
534 1860 601 1942 lupi
630 1867 774 1922 naturam
795 1860 1014 1925 illustrandam
1043 1861 1082 1925 cf.
1106 1862 1179 1925 nub.
1202 1857 1293 1940 3513

191 1970 245 2033 ubi
268 1976 437 2052 postquam
461 1966 666 2051 Strepsiades
688 1969 829 2050 rogavit,
853 1990 945 2052 quam
968 1968 1099 2033 formam
1124 1971 1223 2034 nubes
1245 1989 1294 2032 ac·

191 2085 342 2160 capturae
375 2078 451 2158 sint,
485 2078 512 2140 si
536 2076 694 2141 Simonem
724 2079 825 2143 furem
853 2079 1050 2163 aspexerint:
1084 2079 1158 2140 τίδ’
1179 2076 1234 2160 ἄρ’,
1257 2075 1292 2158 ἢν

189 2185 305 2268 ἅρπαγα
320 2189 377 2246 τῶν
400 2186 546 2268 δημοσίων
564 2188 702 2248 κατίδωσι
719 2185 844 2269 Σίμωνα,
865 2188 894 2249 τί
906 2188 1011 2269 δρῶσιν
1034 2189 1092 2269 (sc.
1108 2191 1137 2250 nl
1151 2184 1293 2270 νεφέλαι),

190 2295 341 2360 Socrates
356 2295 546 2377 respondet:
563 2295 777 2380 ἀποφαίνουσαι
793 2299 844 2379 τὴν
860 2296 943 2380 φύσιν
960 2297 1049 2358 αὐτοῦ
1066 2297 1146 2359 λύκοι
1162 2295 1295 2379 ἐξαίφνης
1348 2359 1356 2369 ,

189 2401 329 2485 ἐγένοντο.
374 2403 414 2468 cf.
437 2404 558 2468 Erasm.
580 2427 612 2489 p.
637 2403 706 2468 185.
729 2405 800 2468 351.

291 2530 460 2594 Proverbii
483 2532 622 2614 speciem
644 2531 801 2595 locutioni
824 2531 930 2596 inesse
953 2538 1030 2615 puto
1038 2580 1045 2612 ,
1079 2551 1161 2613 quae
1187 2531 1220 2593 in
1243 2551 1292 2593 av.

190 2637 250 2701 369
279 2639 410 2721 legitur:
446 2635 625 2723 φεισόμεσθα
653 2642 708 2722 γάρ
737 2663 762 2701 τι
789 2641 882 2701 τῶνδε
904 2640 1015 2721 μᾶλλον
1038 2636 1159 2720 ἥμείςῆ
1183 2636 1292 2720 λα’κων;

190 2749 346 2812 Dicuntur
373 2768 412 2813 ea
438 2751 538 2813 verba
572 2750 613 2811 ab
647 2749 773 2827 avibus,
809 2748 1010 2830 aggressuris
1040 2748 1230 2831 Euelpidem
1261 2756 1294 2813 et

191 2856 434 2922 Peithetaerum.
469 2858 549 2921 Orta
564 2865 613 2921 est
628 2856 748 2922 locutio
764 2857 825 2919 hac
846 2877 886 2922 ex
907 2877 955 2922 re:
980 2856 1079 2923 Solon
1101 2858 1184 2922 enim
1207 2858 1293 2941 quod

193 2966 280 3029 multi
301 2967 368 3051 lupi
391 2967 448 3030 illo
463 2973 606 3049 tempore
622 2966 654 3028 in
670 2966 779 3030 Attica
794 2968 1003 3049 vagabantur,
1027 2968 1200 3050 praemium
1222 2986 1294 3051 pro·

191 3084 351 3158 posuerat,
375 3076 402 3139 si
420 3075 490 3157 quis
512 3074 620 3158 lupum
635 3073 859 3155 interfecisset
882 3084 917 3138 ut
931 3074 1013 3137 Plut.
1032 3075 1096 3141 s01.
1112 3074 1154 3137 23
1168 3083 1292 3142 narrat:

191 3186 278 3246 λίνκον
301 3184 335 3246 δὲ
354 3188 395 3267 τῷ
418 3184 564 3267 κομίσαντι
589 3181 674 3245 πέντε
699 3181 833 3266 δραχμὰς
860 3180 968 3264 ἔδωκε,
1003 3183 1122 3246 λυκιδέα
1155 3185 1189 3247 δὲ
1217 3184 1292 3268 μίαν.

189 3292 312 3370 Quodsi
335 3294 526 3358 scholiastes
548 3293 647 3357 Arist.
670 3293 811 3354 τάλαντον
840 3300 872 3357 et
894 3293 945 3354 δύο
968 3293 1096 3355 τάλαντα
1118 3295 1293 3379 praemium

189 3402 304 3484 tradit,
338 3401 450 3466 falsum
484 3404 689 3486 ineptumque
724 3402 756 3465 id
787 3410 846 3467 est.
900 3401 971 3467 Nec
994 3410 1098 3466 tamen
1120 3422 1180 3488 pro
1204 3410 1293 3468 certo
1383 3442 1385 3445 -

190 3511 428 3591 affirmaverim,
461 3512 655 3577 locutionem
687 3512 882 3596 φείδεσθαί
912 3534 1005 3579 τινος
1037 3511 1082 3593 μὴ
1116 3512 1293 3596 μᾶλλονῆ

191 3622 301 3684 λύκου
317 3621 483 3702 vulgarem
506 3620 612 3703 luisse,
635 3622 815 3685 dictitatam
831 3621 871 3686 de
887 3622 943 3702 eis,
966 3622 1294 3704 quibusnequaquam

191 3740 278 3796 esset
298 3729 545 3814 temperandum,
568 3732 717 3812 quoniam
739 3738 882 3795 veterum
904 3730 1085 3793 testimonia
1107 3729 1230 3794 desunt.

292 3839 407 3904 Melius
430 3859 482 3904 res
505 3859 539 3904 se
561 3840 659 3904 habet
679 3840 713 3902 in
735 3859 805 3921 equ.
832 3836 926 3918 1029,
952 3839 1008 3902 ubi
1030 3839 1110 3903 haec
1132 3841 1232 3902 verba
1253 3839 1293 3903 le-

190 3957 320 4031 guntur:

292 4058 413 4141 φροὶζεο,
431 4053 616 4141 Ἐρεχθείδη,
639 4056 727 4119 κίινα
749 4051 895 4141 Κέρβερον
917 4055 1155 4139 ἀνδραποδίστην,

294 4165 325 4234 te
348 4165 464 4249 κέρκιμ
488 4167 621 4228 σαίνων
643 4168 678 4247 0’,
702 4165 808 4228 δπόταν
833 4167 958 4247 δειπνῇς,
981 4162 1125 4249 ἐπιτηρῶν

213 4323 215 4329 .
293 4274 423 4345 ἐξέδεταί
443 4296 487 4335 σοι
509 4273 632 4358 τοῦψιον,
657 4273 725 4337 ὅταν
749 4277 783 4338 σό
806 4298 861 4336 που
885 4271 994 4335 ἄλλοσε
1015 4274 1138 4358 χοίσκης.

193 4402 307 4483 quibus
328 4402 436 4466 verbis
460 4408 586 4484 poetam
608 4402 813 4482 proverbium
839 4399 924 4483 quod
953 4400 1009 4465 sit:
1043 4399 1174 4468 σαίνεις
1210 4401 1293 4464 δάκ-

1093 4516 1135 4568 2*
