3100 4974
719 283 841 379 ⁶ao

268 500 332 546 non
354 488 411 564 est,
438 481 581 548 sedtum
603 483 726 549 demum
749 486 782 548 in
805 506 914 551 omnes
936 491 1045 571 partes
1065 486 1258 553 locutionem
1281 488 1368 551 intel·

268 590 399 673 laxeris,
423 592 450 655 si
478 593 560 657 unde
582 601 655 658 orta
676 594 719 659 sit
747 596 947 678 cognoveris.
982 595 1061 661 (lum
1081 597 1172 679 origo
1195 597 1368 661 locutionis

268 700 379 781 ignota
401 708 500 781 esset,
522 700 641 766 fuctum
664 712 728 786 est,
755 711 873 768 utnon
897 706 998 770 solum
1022 706 1266 770 scholiastarum
1288 708 1369 769 unus

268 828 380 874 vocem
403 813 492 893 κρεῶν
515 831 574 893 per
593 817 701 894 νεκρῶν
725 815 1001 899 interpretaretur,
1025 816 1081 879 sed
1103 816 1198 880 etiam
1213 817 1369 880 recentio-

267 939 320 983 res
350 920 479 984 oodioes
505 920 676 987 lectionem
702 929 810 1007 νεκρῶν
839 945 896 1007 pro
926 928 1019 1009 κρεῶν
1044 926 1234 1010 reciperent.
1288 925 1369 990 Nam

269 1048 338 1093 oum
360 1037 436 1113 post
455 1031 612 1113 proelium
635 1034 834 1097 commissum
858 1035 1001 1099 homines
1029 1035 1144 1100 mortui
1167 1055 1230 1098 uon
1252 1033 1369 1120 sepulti
1426 1036 1431 1042 “

268 1146 383 1229 essent,
417 1139 607 1205 scholiastes
637 1140 694 1203 illo
720 1143 821 1205 verba
841 1143 888 1204 sio
911 1144 1140 1225 interpretatus
1163 1154 1226 1208 est:
1264 1144 1369 1206 δοῦλον

268 1245 321 1308 οὐκ
344 1244 416 1329 ἄγω,
439 1248 465 1309 εἰ
487 1250 526 1330 μὴ
549 1245 689 1330 ἀνῄρηται
712 1247 778 1314 τοὺς
800 1247 832 1308 ἐκ
855 1253 905 1330 τῆς
931 1250 1083 1332 θαλάσσης
1105 1253 1232 1334 νεκρούς.
1282 1252 1370 1330 Quae

267 1356 488 1439 interpretatio
513 1355 594 1419 falsa
615 1357 788 1439 ineptaque
811 1363 868 1419 est.
924 1358 1040 1420 Petita*
1057 1359 1140 1421 enim
1169 1367 1243 1423 suut
1270 1364 1369 1426 verba

267 1464 331 1548 napi
353 1468 410 1525 τῶν
432 1468 525 1545 κρεῶν
548 1485 587 1529 ex
610 1466 795 1546 proverbio,
830 1464 915 1544 quod
938 1471 987 1529 est
1015 1463 1031 1526 ὁ
1061 1467 1180 1547 λαγὼς
1203 1468 1264 1528 τὸν
1292 1471 1369 1551 περὶ

267 1576 334 1635 τῶν
359 1576 486 1655 ’,κρεῶν
525 1571 663 1657 τρέχει,
701 1573 742 1637 dc
774 1593 836 1655 quo
870 1573 1046 1657 disputavit
1077 1574 1194 1640 Zenob.
1227 1579 1284 1658 IV,
1318 1577 1367 1643 85.

266 1674 386 1746 Notum
408 1689 471 1761 est,
505 1682 647 1767 leporem
675 1682 792 1746 animal
822 1703 893 1748 esse
916 1683 1158 1749 timidissimum.
1203 1685 1367 1770 Originem

267 1792 358 1858 duxit
379 1791 584 1876 proverbium
606 1812 625 1853 a
651 1792 813 1858 venando:
845 1799 934 1857 recte
962 1794 1045 1858 enim
1072 1793 1193 1876 dicunt,
1226 1796 1368 1879 leporem

266 1922 325 1988 pro
350 1902 499 1965 carnibus
521 1921 658 1983 currere,
683 1903 815 1993 canibus
838 1902 1077 1966 insectantibus.
1122 1902 1203 1967 Nam
1227 1904 1318 1989 lepus
1341 1903 1369 1967 si

267 2012 379 2095 cffugit
401 2031 497 2075 canes
519 2011 723 2092 insectantes,
747 2020 901 2092 servatur,
928 2013 1049 2094 sinon,
1075 2012 1246 2101 laceratur.
1291 2011 1370 2089 Qua·

265 2130 401 2205 propter
413 2119 678 2202 significationem
690 2122 856 2205 proverbii
871 2122 953 2185 hano
970 2141 1051 2203 esse,
1065 2122 1184 2186 Zenob.
1201 2122 1221 2186 l.
1238 2142 1264 2186 c.
1281 2128 1369 2186 recte

267 2231 358 2296 dicit:
380 2229 425 2291 ἐπὶ
447 2232 504 2290 τῶν
527 2228 800 2292 διακινδυνευόντων
822 2233 882 2297 ταῖς
905 2233 1011 2315 ψυχαῖς
1033 2230 1080 2292 καὶ
1103 2230 1173 2313 πρὸς
1195 2234 1280 2292 τοῦτο
1302 2253 1369 2312 καρ-

265 2344 357 2423 τερῶς
380 2338 601 2422 ἀγωνιζομένων
628 2338 801 2423 τασσομένη.
858 2340 980 2417 Quodsi
1007 2340 1049 2404 ad
1076 2341 1137 2404 hoc
1165 2339 1370 2424 proverbium

265 2456 395 2533 poetam
415 2458 556 2513 nostrum
581 2456 745 2534 spectasse
769 2469 947 2531 censemus,
976 2469 1087 2513 sensus
1110 2449 1236 2514 illorum
1258 2450 1369 2512 verbo·

265 2582 334 2624 rum
357 2580 419 2624 non
441 2566 491 2624 est
513 2561 677 2622 obscurus.
733 2559 769 2622 ln
797 2558 853 2622 illo
881 2560 964 2623 enim
993 2559 1117 2643 proelio
1143 2559 1250 2622 navali
1273 2558 1369 2621 sicuti

264 2671 392 2754 lepores
420 2689 479 2754 pro
514 2669 662 2731 carnibus
686 2675 830 2748 currunt,
857 2669 903 2732 ita
931 2669 1016 2732 servi
1039 2690 1098 2753 pro
1121 2670 1273 2732 carnibus
1297 2668 1318 2730 i.
1342 2688 1369 2731 e.

266 2799 325 2863 pro
354 2779 471 2860 anima,
504 2777 571 2840 vita
604 2784 839 2861 pugnaverunt3
871 2779 1018 2860 namqui
1052 2777 1152 2842 sortes
1175 2797 1210 2841 se
1237 2777 1370 2861 praesti-

265 2895 384 2969 terant,
418 2888 451 2950 in
479 2887 660 2950 libertatem
695 2888 876 2951 manumissi
900 2893 985 2967 sunt,
1006 2887 1061 2971 qui
1083 2888 1230 2969 ignavos,
1254 2887 1276 2949 ii
1299 2907 1370 2969 gra·

266 2997 356 3061 viora
378 2997 532 3061 servitute
556 2998 704 3081 oppressi
727 3005 807 3060 sunt.

367 3107 576 3191 Aristophani
599 3108 687 3171 illum
707 3127 834 3171 versum
857 3108 1010 3171 scribenti
1037 3106 1130 3187 hujus
1152 3104 1317 3189 proverbii
1339 3105 1370 3167 in

267 3224 401 3280 mentem
423 3217 560 3298 venisse,
581 3218 752 3281 admonere
776 3217 850 3279 mihi
873 3217 1024 3281 videntur
1045 3217 1142 3279 etiam
1158 3217 1265 3295 verba,
1289 3232 1371 3297 quae

267 3327 363 3410 paulo
387 3326 571 3410 pontillum
593 3345 719 3389 versum
743 3334 930 3408 sequuntur:

432 3432 542 3496 οὔκουν
563 3433 773 3517 περιθρέξει
795 3436 870 3517 δῆτα
892 3436 943 3517 τὴν
966 3434 1066 3516 λίμνην
1089 3434 1199 3515 κύκλῳ.

367 3543 405 3606 lu
427 3543 539 3627 inepto
564 3563 675 3608 errore
698 3551 845 3608 versatur
866 3544 1175 3627 paroemiographus
1192 3542 1273 3606 Plut.
1286 3541 1327 3623 ll,
1343 3540 1370 3617 l,

268 3653 323 3735 qui
345 3653 433 3717 illum
455 3654 681 3735 Aristophanis
704 3674 830 3719 versum
853 3655 956 3736 ipsum
978 3674 1038 3736 pro
1054 3653 1227 3736 proverbio
1251 3652 1370 3715 habuit.

368 3762 569 3844 Proverbiis,
603 3784 687 3847 quae
719 3784 739 3829 a
770 3763 1009 3847 quadrupedum
1043 3770 1157 3826 natura
1190 3770 1261 3826 orta
1291 3768 1371 3841 sunt,

267 3872 431 3953 tractatis,
447 3893 532 3937 nunc
553 3873 592 3937 de
613 3875 794 3959 proverbiis
817 3874 982 3954 disseram,
1006 3890 1089 3956 quae
1110 3873 1151 3935 ad
1174 3871 1299 3934 avium
1320 3890 1372 3932 na·

267 3989 371 4045 turam
393 3988 552 4064 spectant.

369 4092 420 4155 Ad
442 4110 579 4155 summas
602 4091 736 4156 delicias
764 4090 991 4175 significandas
1020 4090 1053 4152 in
1080 4109 1137 4152 usu
1160 4096 1229 4153 erat
1251 4090 1372 4155 locutio

268 4199 424 4283 ὀρνίθων
445 4200 550 4282 γάλα,
573 4201 606 4264 iu
630 4222 679 4264 av.
703 4199 882 4265 7341674.
906 4220 996 4283 vesp.
1018 4196 1090 4262 508.
1115 4197 1182 4281 724,
1202 4201 1255 4263 ubi
1278 4199 1373 4280 signi·

267 4309 379 4375 ficatio
402 4317 526 4374 tantum
547 4310 585 4375 fit
607 4311 715 4375 verbis
738 4307 928 4393 κωλακρέτου
950 4310 1039 4391 κάλα.
1076 4308 1267 4392 Explicatur
1289 4309 1373 4372 locu·

269 4419 315 4487 tio
336 4420 451 4505 paucis
474 4440 494 4485 a
513 4420 607 4504 Diog.
631 4418 717 4502 3,92:
745 4418 870 4483 ἐπὶτῶν
893 4418 1033 4501 σπανίων,
1058 4418 1170 4484 melius
1196 4420 1237 4483 ab
1259 4421 1372 4502 Apost.
