3100 4974
804 239 845 303 4ss

721 327 921 337 ----.-

269 436 346 505 mihi
367 437 541 505 verisimile
575 445 638 523 est,
671 448 800 526 poetam
820 439 973 511 ‘nostrum
1006 444 1173 514 hocloco
1207 451 1370 536 proverbii

269 546 460 613 mentionem
482 547 590 616 facere
612 549 763 617 voluisse.

277 716 281 727 »
369 673 516 758 Denique
537 675 569 739 in
591 697 664 760 equ.
689 676 761 759 137,
793 677 848 742 ubi
862 681 983 765 ‘verba
1017 702 1098 765 quae
1130 688 1203 749 eunt
1235 682 1309 768 petel
1337 685 1372 748 δὲ

268 783 348 845 ταῦτ’
377 780 549 866 ἀπόλλυται,
584 783 755 868 ἐπιγίγνεται
775 785 831 871 γὰρ
864 789 1057 875 βυρσοπώλης
1079 791 1095 855 ὁ
1119 790 1298 881 llnqlarn'rp,
1323 792 1371 878 ἄρ

268 890 334 972 πάξ,
356 892 525 974 κεκράκτης,
542 887 779 981 Κυκλοβόρου
802 902 922 983 φωνὴν
945 897 1055 985 ἔχων,
1077 903 1119 967 ad
1135 902 1286 969 Cleonem
1301 916 1372 987 pcr'·

267 1000 378 1082 tinent,
397 1008 501 1065 utrum
524 1005 623 1069 verba
644 1000 879 1092 Κυκλοβόρου
909 1012 1030 1093 φωνὴν
1057 1007 1156 1096 ἔχειν
1178 1012 1371 1078 locutionem

269 1116 503 1200 proverbialem
537 1114 721 1178 contineant
750 1134 792 1177 au
824 1117 1041 1198 metaphoram
1076 1139 1095 1183 e
1127 1127 1228 1204 poeta
1260 1130 1370 1187 cosmo

268 1225 444 1304 formatam,
468 1222 597 1288 decerni
619 1242 683 1286 non
704 1228 821 1305 potest.
867 1220 1067 1302 chlobnrns
1090 1234 1141 1291 est
1161 1229 1276 1294 fluvius
1290 1233 1371 1296 Atti·

267 1353 336 1397 cae.
374 1332 468 1416 Apud
491 1327 798 1414 paroemiographos
820 1327 898 1411 nihil
921 1327 962 1393 de
978 1331 1027 1394 his
1040 1334 1149 1397 verbis
1171 1339 1368 1420 explicatum

267 1442 390 1526 reperi;
414 1440 529 1506 Snidas
552 1444 656 1502 antem
679 1457 704 1500 s.
727 1457 756 1499 v.
772 1430 901 1519 Κυκλοβ.
921 1438 989 1521 jam
1012 1440 1154 1524 explicat
1176 1442 1370 1513 locutionem

267 1570 339 1633 per:
373 1547 419 1609 ἐπὶ
450 1553 506 1610 τῶν
534 1546 730 1631 κακοφώντων
753 1543 768 1606 ό
793 1543 889 1628 λόγος,
913 1545 960 1609 διὰ
982 1551 1032 1632 τὴν
1053 1546 1130 1634 ἧχυκ
1151 1553 1203 1613 τοῦ
1225 1557 1367 1636 ποταμοῦ.

269 1656 309 1722 cf.
333 1657 456 1721 Erasm.
479 1679 511 1743 p.
532 1655 608 1722 525:
641 1655 700 1736 „de
722 1655 871 1719 clamosis
893 1663 926 1721 et
946 1658 1149 1724 vehementer
1171 1662 1367 1744 obstreperis

268 1767 446 1848 dicebatur,
482 1773 537 1830 aut
570 1765 685 1857 quibus
717 1786 781 1830 vox
807 1774 892 1831 esset
914 1766 1032 1853 vitiosa
1053 1771 1244 1852 raucaqae“.
1289 1768 1368 1835 Cum

267 1884 412 1945 veterum
434 1875 697 1942 testimoniares
720 1872 885 1956 deficiant,
918 1895 981 1938 non
1014 1875 1250 1958 affirmaverim,
1283 1878 1368 1941 illam

268 1985 462 2069 locutionem
485 1984 584 2048 fuisse
605 1984 849 2066 proverbialem,
879 1985 1023 2066 quamvis
1045 1974 1138 2051 nemo
1160 2006 1278 2070 negare
1300 2007 1370 2069 pos·

267 2094 318 2176 cit,
342 2095 372 2159 ei
392 2095 533 2179 speciem
556 2092 721 2177 proverbii
744 2087 805 2157 non
829 2093 952 2158 deesse.

289 2268 302 2295 ,
366 2220 459 2283 Alter
479 2219 574 2301 hujus
597 2218 700 2302 partis
720 2218 811 2282 locus
832 2224 890 2298 est,
918 2228 953 2282 ut
975 2217 1014 2282 de
1035 2219 1216 2302 proverbiis
1238 2219 1370 2285 locutio-

266 2329 423 2411 nibusque
453 2329 493 2391 ab
525 2314 718 2391 homiuum
752 2326 1002 2410 singulorum
1034 2328 1142 2394 indole
1164 2330 1369 2414 moribusque

266 2436 378 2522 petitis
401 2437 568 2522 disputem.

368 2565 445 2628 Cum
469 2564 500 2627 ln
523 2562 595 2629 aliis
619 2562 772 2646 partibus
793 2568 860 2625 tum
882 2560 915 2623 in
935 2560 997 2624 hac
1017 2559 1151 2626 difficile
1165 2568 1215 2626 est
1237 2580 1368 2646 cognos-

267 2692 357 2757 cere,
389 2695 472 2757 qnae
500 2672 680 2737 locutiones
712 2670 878 2735 habendae
910 2671 974 2734 sint
1005 2668 1236 2754 proverbiales.
1286 2672 1368 2738 Nam

267 2803 337 2845 cum
360 2783 592 2865 Aristophanes
615 2781 648 2844 id
670 2781 812 2857 maxime,
829 2780 1000 2860 studuerit,
1023 2786 1058 2843 ut
1080 2788 1249 2864 corruptos
1271 2782 1368 2846 homi·

265 2912 339 2954 num
362 2878 466 2956 mores
489 2892 671 2971 castigaret,
691 2909 754 2952 non
777 2889 872 2953 sanilo
895 2890 957 2954 crit
979 2890 1137 2971 judicare,
1160 2892 1263 2954 utrum
1284 2891 1369 2955 loen·

265 3001 311 3065 tio
334 3000 374 3062 ab
391 3020 429 3064 eo
451 3001 523 3083 ipso
546 2999 587 3062 ad
601 2994 795 3063 irridendum
810 2996 947 3080 aliquem
963 2997 1099 3064 formata
1121 3000 1171 3080 sit,
1192 3019 1233 3063 an
1246 2999 1367 3064 locutio

265 3109 298 3172 in
321 3128 377 3173 ore
400 3108 487 3191 vulgi
504 3108 572 3193 jam
587 3108 719 3191 vulgata
742 3107 837 3173 luerit
859 3115 892 3173 et
912 3127 932 3171 a
953 3116 1051 3193 poeta
1072 3117 1226 3192 usurpata
1246 3117 1368 3173 tantum

266 3219 316 3283 sit.
362 3218 508 3302 Exempli
531 3238 628 3283 cansa
649 3218 817 3281 nonnullas
843 3218 1021 3282 locutiones
1055 3218 1200 3299 afferam,
1234 3237 1316 3300 quoe
1349 3237 1369 3281 a

266 3332 363 3411 poeta
384 3324 509 3392 demum
532 3328 645 3391 irrisus
668 3345 765 3390 censa
786 3325 942 3391 formatae
964 3345 1037 3390 esse
1058 3326 1133 3389 mihi
1155 3326 1313 3390 videntur.

365 3436 402 3498 ln
424 3457 490 3501 ran.
516 3428 626 3518 1125,6
646 3436 797 3517 leguntur
818 3436 926 3499 verba.

880 3559 1026 3644 εὐδαίμων
1049 3557 1097 3643 ἄρ’
1120 3557 1165 3643 ἢν,

564 3668 588 3732 εἰ
610 3667 847 3754 κάστρατήγησέν
869 3691 904 3751 γε
926 3671 988 3753 μετ’
1004 3665 1196 3755 'Spectandae
1229 3756 1232 3762 Ι

265 3840 348 3904 qnae
366 3824 466 3889 verbe
480 3821 653 3905 Euripides
676 3821 716 3888 de
731 3819 910 3905 Oedipodis
933 3820 998 3887 lato
1021 3821 1169 3904 loquitur,
1191 3822 1212 3886 i.
1236 3820 1368 3886 eOedi·

264 3950 325 4015 pus
345 3929 424 3999 felix
441 3930 566 4012 luisset,
588 3931 714 4001 etiamsi
738 3951 809 3997 cnm
823 3929 994 3997 Erasinida
1009 3929 1051 3993 ad
1065 3930 1182 3994 bellum
1202 3929 1367 4014 proiectus

253 4047 358 4109 ,esset
393 4038 491 4118 Quae
511 4043 612 4119 verba
633 4041 710 4125 qnid
732 4041 799 4107 sibi
818 4040 932 4122 velint,
959 4039 1039 4103 haee
1061 4049 1146 4123 sunt:
1180 4038 1367 4105 lirasinidas

265 4158 342 4219 erut⁴
357 4170 437 4216 unus
458 4168 499 4215 ex
520 4164 649 4215 numero
673 4150 796 4231 ducum,
815 4150 870 4232 qui
892 4147 1046 4231 proelium
1068 4147 1147 4211 illud
1169 4147 1254 4233 apud
1276 4147 1367 4230 Argi·

252 4239 360 4329 ⁴'natusne
380 4259 502 4325 insulas
524 4260 762 4341 commiserant3
795 4246 940 4323 Athenas
961 4275 1110 4321 reversus
1132 4277 1195 4319 una
1218 4276 1288 4321 cum
1311 4275 1367 4331 sex

263 4369 400 4452 collegis
420 4370 453 4431 in
475 4369 604 4437 vinnula
624 4369 789 4452 conjectus
805 4367 987 4451 capitisque
1002 4365 1167 4433 damnatus
1189 4373 1248 4430 est.
1287 4364 1365 4432 cnm
