3100 4974
797 276 840 340 ivi

715 363 916 375 ——ss-——ae—

265 485 409 566 ignotum
442 489 505 561 est,
539 482 594 564 qui
623 481 740 546 leviter
766 487 887 547 tantum
909 481 1024 546 notitia
1045 481 1199 545 historiae
1221 480 1366 545 Graecae

265 568 404 657 imbitus
426 591 477 654 sit.
516 590 697 655 ¹Dicebatur
725 589 847 655 locutio
871 590 910 654 de
933 591 993 670 eis,
1025 610 1157 673 quorum
1180 610 1232 653 res
1253 590 1286 653 iu
1307 608 1367 654 me·

264 701 377 766 liorem
401 698 616 764 conditionem
637 701 868 783 pervenissent.
913 699 1154 765 Admoneudum
1177 706 1240 779 est,
1274 720 1368 781 quam

266 810 415 875 celeriter
435 809 556 873 locutio
579 809 751 892 proverbio
767 810 993 892 increbruerit;
1016 817 1189 874 nectamen
1203 814 1260 890 est,
1283 807 1368 891 quod

267 920 434 1002 quisquam
456 916 587 997 dubitet,
612 918 688 999 quin
708 918 923 1001 proverbialis
947 919 996 997 sit,
1024 919 1096 1002 qnia
1121 918 1314 982 scholiastae
1336 922 1369 980 et

265 1025 543 1113 paroemiographi
557 1044 627 1089 eam
638 1026 672 1089 in
683 1046 812 1091 numero
829 1028 1069 1110 proverbiorum
1085 1032 1266 1112 posuerunt.
1305 1024 1368 1090 sed

265 1137 299 1200 id
313 1134 451 1199 dubitari
463 1140 579 1216 potest,
602 1140 706 1197 utrum
721 1134 841 1198 locutio
849 1135 916 1216 jam
930 1136 1157 1217 Aristophanis
1173 1135 1367 1218 temporibus

265 1242 478 1329 proverbialis
490 1241 587 1305 fuerit
598 1262 638 1305 an
651 1264 669 1304 a
681 1248 778 1325 poete
790 1241 924 1304 formata
939 1244 1151 1306 excomoedia
1161 1245 1193 1306 in
1206 1243 1369 1326 proverbii

265 1373 357 1418 usum
386 1350 513 1413 abierit.
572 1349 660 1426 Quae
693 1369 747 1413 res
780 1348 969 1412 difficillima
1000 1354 1050 1411 est
1082 1350 1123 1412 ad
1151 1351 1368 1429 judicandum.

366 1457 471 1524 Simili
492 1458 619 1522 ratione
640 1478 692 1523 res
714 1478 749 1522 se
771 1458 867 1522 habet
889 1457 922 1520 in
944 1458 1015 1519 nub.
1042 1454 1109 1536 186,
1132 1458 1186 1519 ubi
1209 1458 1367 1541 Strepsia·

267 1570 323 1633 des
346 1567 558 1631 admiratione
581 1552 713 1650 stupens
747 1587 817 1631 cum
847 1566 990 1631 Socratis
1024 1564 1198 1649 discipulos
1215 1566 1365 1647 -videret,

267 1696 398 1758 quorum
422 1673 521 1738 facies
545 1676 675 1739 sordida
698 1675 953 1757 miserabilisque
974 1680 1059 1754 erat,
1090 1682 1122 1738 et
1143 1675 1366 1756 interrogatus,

267 1805 323 1849 eur
358 1789 502 1866 stuperet
535 1783 576 1865 (τί
597 1783 779 1866 ἐθαύμασας,
802 1789 846 1866 τῷ
868 1806 914 1846 σοι
936 1784 1066 1844 δοκοῦσιν
1088 1781 1204 1864 εἰκέναι)
1220 1783 1299 1847 haec
1321 1770 1377 1846 re?

267 1893 411 1977 spondit:
458 1895 536 1960 τοῖς
572 1892 610 1954 ἐκ
647 1892 765 1956 Πύλου
803 1892 986 1976 ληφθεῖσι,
1035 1894 1106 1979 τοῖς
1142 1892 1366 1959 Λακωνικοῖς.

266 2002 355 2081 Quae
377 2003 498 2066 locutio
523 1992 591 2069 sive
606 2004 674 2085 jam
698 2002 953 2087 proverbialisa
986 2007 1082 2082 poeta
1115 2008 1268 2084 usurpata
1301 2001 1369 2065 sive

267 2111 391 2176 demum
415 2110 552 2175 formata
574 2117 636 2192 est,
671 2111 806 2195 posthac
830 2111 956 2193 quidem
977 2110 1140 2194 proverbii
1162 2110 1269 2173 locum
1291 2110 1370 2174 obti-

161 2216 164 2223 ’
266 2220 374 2284 nuisse
393 2219 529 2300 videtur,
553 2220 593 2284 de
615 2220 662 2284 eis
686 2220 782 2300 dicta,
807 2240 938 2302 quorum
962 2221 1088 2303 species
1111 2218 1242 2283 sordida
1263 2227 1296 2283 et
1317 2218 1370 2281 mi-

270 2329 419 2393 serabilis
442 2334 535 2409 esset,
559 2335 593 2392 ut
613 2328 747 2409 legimus
770 2331 802 2391 in
825 2331 908 2412 App.
931 2329 971 2411 Il,
996 2328 1049 2391 74:
1084 2326 1220 2411 παροιμία
1243 2325 1289 2387 ἐπὶ
1310 2332 1369 2387 τῶν

270 2437 446 2522 ῶχριώντῶν
469 2436 516 2499 καὶ
538 2436 654 2521 ἰσχνῶν.
699 2437 906 2502 Locutionem
927 2457 967 2502 ex
990 2437 1082 2501 clade
1103 2435 1370 2501 Lacedaemonio·
1425 2494 1429 2501 .

268 2567 337 2611 rum
360 2546 445 2631 apud
466 2546 579 2630 Pylum
602 2555 739 2630 accepta
758 2555 866 2610 natam
888 2567 966 2628 esse,
990 2554 1133 2630 apparet.

371 2655 490 2720 Notum
512 2663 562 2720 est
583 2655 794 2740 praeclarum
814 2656 894 2720 illud
917 2656 1069 2735 Periclis,
1103 2656 1156 2737 qui
1180 2675 1249 2717 cum
1270 2654 1369 2717 Lace·

270 2763 507 2829 daemoniorum
530 2766 642 2829 ducem
672 2747 782 2830 deceni
816 2767 945 2829 talentis
978 2764 1198 2848 corripuisset,
1233 2773 1268 2826 ut
1299 2764 1371 2826 urbi

269 2873 511 2936 Atheniensium
531 2884 687 2956 parceret,
710 2876 742 2937 in
765 2876 889 2940 ratione
904 2874 1067 2953 reddenda
1083 2872 1209 2953 celavit,
1231 2873 1371 2955 quemin

227 2975 229 2978 ’
269 3001 359 3044 usum
380 3001 419 3044 ea
441 2984 699 3066 consumpsisset,
723 2984 832 3048 dicens
854 2992 975 3048 tuntum
998 2983 1032 3050 ἐς
1055 2986 1092 3044 το
1115 2981 1215 3064 δέοις
1251 2982 1290 3046 de
1308 3002 1382 3065 quo.

271 3089 311 3155 ef.
333 3090 417 3153 Plut.
440 3091 511 3155 Per.
536 3090 637 3179 22,13.
661 3093 760 3157 Thac.
783 3091 863 3174 231.
904 3093 1005 3156 Paulo
1028 3100 1103 3176 post
1126 3094 1371 3174 percrebruerat

271 3220 310 3264 ea
332 3199 452 3263 loeutio
476 3208 509 3264 et
528 3202 562 3264 iu
585 3222 640 3266 ore
663 3203 799 3266 omnium
821 3209 904 3284 erat3
938 3202 1027 3265 velut
1057 3203 1091 3264 in
1113 3203 1185 3264 nub.
1208 3196 1284 3280 859,
1317 3200 1369 3263 ubi

270 3307 480 3391 Phidippides
503 3309 587 3372 filius
609 3317 732 3392 patrem
755 3318 864 3392 roget:
887 3309 938 3377 τὰς
958 3311 983 3371 δ’
999 3310 1130 3393 ἐμβάδας
1151 3312 1203 3368 ποῖ
1221 3307 1371 3392 τέτροφας,

271 3413 384 3498 ὦνόητε
410 3414 462 3496 αύ;
496 3423 528 3480 et
550 3406 769 3501 Strepsiades:
793 3418 892 3499 ὥσπερ
917 3416 1058 3499 Περικλῆς
1081 3417 1111 3484 ἐς
1133 3417 1170 3478 τὸ
1193 3416 1272 3479 δέον
1295 3417 1373 3478 ἀπώ-

272 3529 354 3588 λεσα.
398 3525 520 3588 Jocose
541 3523 675 3586 ἀνῶλεοα
696 3525 729 3587 iu
749 3524 890 3588 ἀπώλεσα
912 3518 1062 3589 mutatum
1085 3534 1146 3606 est,
1175 3538 1209 3590 ut
1224 3525 1371 3611 Strepia·

272 3635 329 3699 des
351 3633 494 3718 apertius
516 3634 682 3715 indicaret,
704 3655 738 3699 se
761 3654 819 3717 pro
841 3633 940 3698 nihilo
962 3635 1090 3699 calceos
1114 3634 1273 3718 abjecisse
1296 3644 1327 3700 et
1352 3657 1371 3698 a

274 3743 409 3809 Socrate
430 3743 560 3826 ejusque
583 3743 750 3829 discipulis
783 3745 951 3829 deceptum
984 3762 1065 3808 esse.
1119 3745 1372 3829 Disputaverunt

273 3852 313 3917 de
334 3852 507 3935 proverbio
529 3853 647 3917 Zenob.
671 3854 727 3935 III,
749 3852 799 3916 91.
823 3854 905 3917 Mae.
928 3853 985 3933 ΙΙΙ,
1007 3851 1055 3915 62.
1081 3852 1160 3917 suid
1181 3875 1205 3918 s.
1226 3866 1258 3918 v.

374 3959 477 4026 Simili
498 3962 624 4026 ratione
647 3970 718 4027 orta
740 3970 789 4027 est
809 3963 930 4027 locutio
953 3965 1020 4023 τῶν
1048 3966 1156 4044 τριῶν
1179 3958 1296 4024 κακῶν
1320 3962 1370 4044 ἕν,

273 4091 366 4153 quam
387 4071 520 4135 Photius
542 4093 573 4156 p.
595 4070 690 4153 613‚4
711 4082 742 4137 et
770 4071 884 4135 Suidas
919 4079 1177 4134 commemorant:
1215 4069 1373 4154 λεγόμενόν

271 4203 297 4243 τι
319 4179 391 4242 ἐστι’·
418 4182 510 4242 ταῦτα
532 4180 565 4242 δὲ
585 4178 657 4244 εἶναι
679 4180 808 4261 λέγουσιν
826 4178 844 4240 ἃ
860 4177 1032 4262 Θηραμένης
1043 4179 1131 4261 ὥρισε
1146 4183 1373 4271 ιιροςτιμήματα.

273 4291 321 4352 Ἀ.
344 4284 506 4374 Τριφάλητι
526 4288 580 4372 (ci,
599 4288 703 4372 irgmt.
720 4287 796 4371 466)
819 4289 896 4370 ,ἐγὼ
919 4286 973 4369 γὰρ
991 4286 1239 4379 ἀαὸΙΘιρραμένου
1255 4288 1372 4351 δέδοικα

273 4397 310 4461 τὰ
332 4397 395 4479 τρία
415 4396 524 4461 ταοτί.“
568 4397 723 4463 Similiter
737 4397 934 4482 Hesychius:
955 4399 1013 4459 τῶν
1035 4401 1118 4480 τριῶν
1134 4394 1178 4457 ἕν·
1201 4395 1372 4483 Θηραμένης
