3100 4974
195 1485 383 1583 proverbia
407 1517 649 1600 locutionesque
683 1516 836 1597 vulgares
869 1517 901 1580 in
935 1518 1079 1581 omnibus
1102 1517 1299 1583 Graecorum

198 1626 331 1711 scriptis
345 1626 563 1708 inveniuntur,
584 1626 653 1710 jam
675 1626 759 1710 apud
774 1625 947 1690 Homerum
962 1625 1097 1710 legimus
1111 1625 1298 1711 locutiones,

198 1744 377 1817 quaesunt
409 1736 449 1801 ὡς
481 1733 537 1796 αἰεὶ
571 1734 620 1795 τὸν
656 1734 755 1817 ὁμοῖον
789 1732 851 1816 ἄγει
883 1734 952 1803 θεὸς
985 1737 1025 1802 ὥς
1058 1735 1107 1797 τὸν
1134 1734 1233 1818 ὁμοῖον
1266 1736 1299 1798 in

198 1844 258 1909 Od.·
292 1842 402 1926 1731ss
435 1850 467 1908 61
499 1842 561 1904 οὐδ’
593 1841 653 1903 ἅλα
684 1841 765 1926 δοίης
795 1843 829 1906 in
862 1843 918 1908 Od.
955 1843 1073 1926 17‚455.
1109 1843 1148 1909 cf.
1181 1844 1298 1928 Bergk,

199 1954 328 2019 Griech.
352 1953 414 2015 Lit.
438 1951 555 2016 Gesch.
578 1973 608 2035 p.
632 1949 764 2013 eoo-9.
871 1980 874 1986 ·

299 2061 412 2144 Neque
434 2068 539 2125 tamen
560 2060 622 2124 hae
643 2066 763 2124 tanturn
779 2060 958 2127 locutiones
978 2061 1198 2146 proverbiales
1215 2062 1300 2147 apud

199 2172 373 2236 Homerum
396 2177 579 2250 occurrunt,
613 2169 670 2234 sed
697 2170 813 2234 multae
834 2171 1048 2252 inveniantur,
1082 2170 1203 2254 siquis
1226 2171 1299 2236 huic

199 2280 294 2364 operi
317 2279 454 2344 studium
477 2278 683 2363 impenderim
718 2299 736 2342 6
769 2279 883 2361 quibus
915 2280 1083 2344 nonnullas
1109 2279 1161 2344 hio
1188 2286 1300 2346 notare

198 2390 312 2469 liceat,
344 2388 444 2452 veluti
469 2388 506 2452 ll.
529 2387 610 2468 4,35.
634 2385 795 2469 9,385-6.
833 2387 951 2470 lO,ll3.
981 2387 1101 2463 111246.
1146 2389 1226 2452 Turn
1259 2393 1299 2454 ab

199 2497 345 2563 Hesiodo
368 2509 555 2582 septemque
576 2498 630 2582 qui
652 2496 800 2560 dicuntur
822 2497 1019 2581 sapientibus
1041 2497 1156 2561 multas
1179 2508 1301 2562 senten·

200 2608 264 2671 tias
285 2607 527 2691 locutionesque
550 2628 621 2672 esse
648 2606 765 2686 dictas,
799 2626 880 2689 quae
912 2614 1027 2691 postea
1058 2607 1090 2669 in
1124 2627 1179 2671 ore
1212 2607 1301 2690 vulgi

201 2723 421 2799 versarentur,
445 2720 516 2799 quis
532 2724 589 2798 est,
613 2717 665 2798 qui
688 2714 832 2778 neseiat?
869 2717 941 2778 lam
956 2716 1082 2779 veroin
1105 2716 1300 2798 tragicorum

202 2833 236 2890 61
262 2826 454 2890 comicorum
487 2833 651 2908 poetarum
686 2825 809 2900 fabulis,
833 2844 979 2888 numerus
1004 2824 1198 2888 locutionum
1231 2845 1302 2910 pro·

204 2935 388 2998 verbialium
423 2954 526 2998 nonne
560 2954 693 3015 magnus
726 2934 797 2999 est?
851 2933 963 3015 Neque
994 2935 1136 3016 ignotum
1169 2940 1232 3015 est,
1267 2935 1300 2998 in

205 3042 293 3108 libris
317 3045 464 3108 Platonis
487 3049 519 3107 et
540 3043 724 3106 Aristotelis
746 3043 945 3124 aliorumque
967 3042 1174 3125 scriptorum,
1201 3043 1300 3108 veluti

201 3152 376 3234 Plutarchi,
398 3153 533 3216 Luciani
552 3152 732 3217 locutiones
747 3151 967 3234 proverbiales
988 3171 1051 3214 non
1075 3171 1174 3233 parvo
1196 3151 1302 3218 inesse

200 3282 341 3327 numero.
386 3262 451 3327 Sed
473 3278 535 3325 our
551 3281 658 3326 omnes
686 3261 884 3344 antiquitatis
914 3261 1089 3343 scriptores
1112 3281 1301 3345 enumerem,

202 3392 273 3436 oum
295 3379 402 3435 notum
426 3371 475 3451 sit,
498 3391 569 3436 6666
583 3372 747 3449 neminem,
770 3391 790 3433 6
809 3390 871 3453 quo
886 3369 1065 3434 locutiones
1079 3370 1300 3453 proverbiales

200 3502 264 3545 non
287 3482 351 3544 sint
373 3480 558 3544 adhibitae?

303 3591 410 3672 Atque
434 3610 503 3652 curn
525 3589 705 3671 proverbiis
738 3588 1014 3671 locutionibusque
1046 3588 1301 3671 proverbialibus
1395 3595 1398 3599 ’

201 3708 327 3765 1616166
351 3700 468 3764 elocuti
492 3698 562 3778 sint,
587 3710 668 3779 quae
691 3698 840 3761 advitae
865 3698 1020 3761 rationem
1043 3717 1082 3760 ac
1105 3697 1188 3760 viam
1211 3704 1301 3760 recte

201 3809 427 3873 instituendam
449 3807 616 3871 utilissima
640 3809 807 3890 putabant,
840 3805 886 3869 ita
918 3815 953 3870 ut
985 3805 1076 3888 quasi
1107 3805 1141 3868 in
1168 3805 1299 3889 speculo

202 3939 307 3983 mores
329 3925 470 3982 veterum
492 3918 524 3980 in
547 3918 729 4000 proverbiis
752 3920 929 3996 cernantur,
953 3914 1227 3998 operaepretium
1250 3915 1300 3997 sit,

203 4046 243 4091 ex
263 4028 324 4090 hac
351 4047 477 4110 quoque
509 4036 601 4110 parte
634 4045 788 4109 quaerere
821 4032 917 4106 atque
948 4043 1156 4104 cognoscere,
1190 4024 1300 4106 quales

203 4142 345 4200 veterum
367 4156 471 4199 mores
494 4134 618 4199 fuerint.
664 4134 733 4198 Nec
754 4140 881 4197 veteres
913 4133 1003 4215 ipsos
1036 4132 1159 4213 effugit,
1192 4134 1302 4216 quanti

203 4246 245 4308 acl
267 4266 371 4310 mores
395 4243 636 4326 cognoscendos
658 4243 807 4306 momenti
836 4243 900 4304 sint
926 4242 1113 4324 proverbia3
1146 4262 1302 4325 quaprop-

194 4359 252 4418 ter
270 4354 341 4438 Jam
362 4353 554 4418 Aristoteles
576 4359 659 4418 16616
679 4348 1094 4448 ⁴DiogeneLaertie-isqgssb
1115 4350 1303 4433 16616161-

723 4464 726 4473 ,
748 4444 785 4481 ›‘',-
812 4452 814 4459 ¹
846 4452 867 4471 ³⁴
969 4460 978 4477 0
998 4442 1031 4475 ι’
1187 4468 1202 4518 l
