3100 4974
793 268 836 330 34

721 355 918 365 .-.—-—-—-

266 466 514 551 κολοκύνταις,
537 468 577 534 de
598 470 639 534 iis
655 469 751 553 dicta,
773 473 826 556 qui
842 471 943 537 oculis
958 491 1023 536 nou
1040 471 1119 536 satis
1136 470 1367 554 prospicerent,

263 577 363 643 ueluti
379 577 530 643 Socrates
546 579 586 643 ad
602 574 821 663 Strepsiadem
837 600 1009 646 conversus
1032 581 1065 644 in
1086 584 1157 645 nub.
1175 578 1245 660 327,
1267 580 1366 645 choro

265 686 393 751 nubium
414 687 446 750 in
470 688 665 753 orchestram
688 690 876 764 introeunte,
900 691 995 755 dicit:
1018 692 1066 751 νύν
1081 687 1115 771 γε’
1137 711 1179 752 τοι
1199 686 1257 772 ἤδη
1280 688 1366 751 καθα

264 799 317 879 ρᾴς
339 795 439 878 αὐτὰς,
462 793 488 857 εἰ
509 796 548 879 μὴ
572 799 667 881 λημᾷς
689 799 883 867 κολοκύνταις.
928 799 997 877 Qua
1024 799 1064 865 de
1085 798 1245 864 locutione
1266 797 1367 881 Hesy-

240 906 354 985 chius
381 905 460 969 haec
483 904 589 970 affert:
623 908 717 990 λημᾶν
743 908 861 994 χύτραις
882 907 900 992 ἢ
924 909 1124 975 κολοκύνταις·
1158 906 1294 990 παροιμία
1321 904 1367 970 ἐπὶ

263 1017 321 1076 τῶν
345 1011 605 1097 ἀμβλυωττόντων.
651 1016 775 1081 Similia
797 1017 837 1082 cf.
854 1040 903 1101 ap.
922 1017 1010 1083 Suid.
1035 1026 1065 1085 et
1086 1018 1120 1081 in
1141 1000 1215 1082 not..
1230 1016 1301 1083 crit.
1325 1016 1366 1081 ad

262 1125 357 1205 Diog.
379 1123 419 1204 V,
444 1123 492 1187 11.
723 1113 725 1117 ’

363 1231 480 1295 Notum
502 1238 561 1303 est,
582 1231 839 1313 Aristophanem
863 1232 949 1312 quod
964 1234 996 1294 in
1014 1235 1189 1316 comoedia,
1213 1256 1295 1317 quae
1317 1241 1367 1301 est

261 1341 369 1421 ἱππεῖς,
393 1339 544 1402 Cleonem
567 1338 820 1419 potentissimum
843 1338 929 1401 illiue
952 1341 1106 1420 temporis
1130 1343 1248 1406 civium
1269 1345 1365 1408 Athe·

261 1449 416 1513 niensium
437 1448 531 1510 nimis
551 1446 735 1513 ludificatus
758 1451 851 1528 esset,
873 1447 930 1511 lite
953 1446 1140 1530 implicitum
1163 1447 1262 1513 fuisse
1285 1471 1364 1515 earn

192 1638 194 1643 ι
261 1551 388 1640 que‘ob
411 1576 540 1620 cansam
562 1557 676 1640 gravia
699 1556 855 1637 quaedam
881 1574 1010 1638 passum
1038 1575 1124 1634 esse,
1155 1556 1208 1621 vel
1241 1577 1363 1623 comoe

261 1666 381 1729 diarum
405 1666 562 1730 actionem
586 1667 759 1730 coercitam
782 1685 862 1747 esse,
885 1673 920 1729 ut
942 1665 1131 1729 scholiastes
1158 1665 1265 1730 refert.
1310 1665 1361 1729 Ad

259 1775 341 1838 hanc
363 1775 451 1839 litem
475 1783 508 1839 et
529 1775 706 1856 discidium,
730 1775 816 1858 quod
837 1781 955 1857 poetae
972 1795 1041 1838 cum
1058 1772 1177 1839 Cleone
1192 1780 1270 1856 erut,
1293 1796 1362 1859 per·
1423 1769 1427 1774 ’

259 1885 361 1948 tinent
379 1885 489 1964 *verba
512 1904 594 1967 quae
616 1880 689 1948 sunt
709 1885 742 1948 in
756 1903 846 1968 vesp.
865 1881 961 1944 1291:
986 1880 1062 1945 εἶτα
1083 1884 1142 1945 νῦν
1163 1882 1362 1966 ἐξαπάτησε

258 1992 407 2088 ἡχοίραξ
432 1993 495 2075 πλην
513 1991 690 2074 ἄμπελον,
714 1992 828 2074 quibus
844 1992 923 2056 haec
939 1992 988 2054 vis
1002 1992 1099 2061 inest:
1123 1990 1202 2056 (lum
1218 1992 1363 2074 sequenti
1381 2078 1385 2082 .

258 2122 341 2165 anno
360 2110 529 2186 postquam
553 2102 720 2166 comoedia
741 2101 834 2167 ἱππεῖς
856 2108 1013 2181 actuosi,
1035 2100 1069 2163 in
1091 2101 1257 2166 comoedia
1279 2099 1361 2185 νεφέ-

260 2213 306 2273 λαι
321 2210 451 2275 Oleonis
473 2211 591 2275 mentio
613 2231 678 2275 non
701 2209 787 2274 sacta
809 2217 902 2291 esset,
926 2217 1014 2293 certe
1036 2209 1127 2273 multi
1149 2209 1285 2289 fuerunt,
1306 2210 1361 2292 qui

257 2325 420 2403 putarent,
453 2320 700 2403 Aristophanem
728 2321 888 2403 placatum
911 2339 982 2384 esee
1005 2318 1127 2383 Cleoni.
1183 2318 1272 2395 Quae
1306 2319 1360 2402 qui

257 2409 420 2513 putarent}
453 2430 485 2493 in
520 2449 629 2494 errore
660 2430 799 2509 versari,
833 2429 997 2492 admonuit
1028 2428 1265 2512 Aristophanes
1298 2428 1359 2492 hoc

240 2550 426 2624 'vesparum
447 2539 529 2617 loce,
552 2558 635 2620 quae
658 2538 825 2602 comoedia
846 2538 992 2622 proximo
1011 2556 1093 2600 anno
1110 2542 1182 2600 acta
1204 2543 1264 2618 est,
1283 2556 1359 2600 usus

257 2669 296 2713 ea
317 2649 486 2730 locutione,
509 2669 602 2731 quam
624 2649 718 2712 modo
735 2647 853 2711 notavi.
892 2646 1059 2723 Quomodo
1081 2645 1201 2711 locutio
1225 2653 1296 2710 orta
1318 2647 1360 2710 sit

257 2764 290 2821 et
312 2777 393 2839 quae
417 2757 610 2839 significatio
627 2759 657 2822 ei
679 2757 763 2837 insit,
786 2756 870 2840 apud
895 2755 1101 2819 scholiastam
1115 2755 1146 2820 h.
1162 2756 1181 2817 l,
1199 2755 1248 2818 sic
1261 2754 1359 2837 eupli-

257 2872 363 2929 'catum
395 2866 544 2948 legimus:
578 2866 716 2948 παροιμία
750 2863 817 2926 ὅταν
845 2863 901 2926 ὑπὸ
928 2867 979 2926 τοῦ
1007 2864 1173 2947 σωζομένου
1199 2863 1231 2925 τὸ
1264 2868 1359 2935 σῶζον

241 2973 411 3057 ἀπατηλῇ·
444 2972 463 3055 ἢ
498 2973 567 3036 ὅταν
590 2974 761 3057 ἐξαπατηθῇ
783 2996 823 3040 τις
844 2971 1013 3046 πιστεύσας·
1046 2971 1121 3036 ἔστιν
1147 2971 1198 3036 οὖν
1220 2972 1359 3056 παροιμία

189 3093 191 3096 ⁴
255 3082 313 3144 ἀπὸ
336 3085 394 3145 τῶν
416 3083 558 3167 καλάμων
580 3087 636 3145 τῶν
657 3081 938 3165 προςδεσμουμένων
960 3087 1021 3150 ταῖς
1042 3082 1195 3165 αἰμπέλαις,
1221 3082 1248 3144 οἳ
1269 3080 1358 3144 ἐνίοτε

253 3192 469 3277 ῥιζοβολοϋντες
490 3192 731 3275 ύπεραοίιίνονται
756 3194 814 3254 τῶν
844 3190 993 3274 ἀμπέλων.
1038 3191 1192 3257 Similiter
1219 3189 1259 3257 de
1287 3211 1358 3276 pro·

253 3302 356 3367 verbii
379 3302 412 3364 vi
434 3302 577 3386 disputat
597 3301 815 3367 Bernhardius
838 3301 879 3363 ad
902 3300 989 3365 Suid.
1006 3321 1031 3364 s.
1045 3321 1075 3362 v.
1098 3299 1226 3384 ἡχοίραξ
1242 3323 1268 3363 κ.
1285 3321 1310 3364 τ.
1329 3300 1355 3363 λ.

255 3417 410 3496 „apparet
441 3411 474 3474 id
507 3412 710 3495 proverbium
742 3410 782 3473 ad
816 3428 868 3476 res
896 3409 1069 3474 subitarias
1096 3415 1129 3473 et
1156 3417 1286 3491 praeter
1306 3412 1355 3474 en·

253 3506 483 3604 spectationem
506 3508 730 3605 provenientes
751 3518 920 3604 proferri.“
967 3516 1006 3582 cf.
1031 3518 1149 3583 Zenob.
1172 3518 1230 3601 Vl,
1252 3517 1303 3582 40.

250 3705 292 3770 ΙΙ.
340 3704 385 3774 iio
407 3704 592 3790 proverbiis
616 3702 902 3788 locutionibusque
923 3719 945 3770 a
963 3702 1107 3786 pontium
1124 3696 1353 3786 hominumque

443 3813 645 3899 structorum
669 3812 778 3885 indole
801 3812 1011 3897 moribusque
1035 3810 1162 3896 petitis.

351 3957 496 4024 Omnium
518 3957 708 4042 populorum
724 3956 882 4021 Graeciae
904 3956 1040 4020 maxime
1056 3953 1268 4018 Athenienses
1291 3952 1354 4016 ani-

158 4100 161 4106 ·
249 4086 316 4131 mos
338 4075 467 4133 nostros
488 4074 599 4133 tenent
613 4067 852 4149 delectantque;
876 4071 1076 4149 quapropter
1095 4063 1231 4148 primurn
1247 4061 1353 4126 videa·

248 4197 326 4253 mus,
350 4197 433 4260 quae
455 4177 629 4262 proverbia
651 4176 691 4242 de
705 4175 953 4241 Atheniensibus
969 4173 1099 4256 vulgata
1122 4177 1221 4255 poeta
1243 4176 1353 4234 noster

246 4288 451 4372 usurpaverit
472 4288 525 4351 vel
547 4287 699 4369 tetigerit.
736 4284 858 4362 Quodsi
875 4284 908 4347 in
930 4284 1003 4346 nub.
1020 4279 1080 4345 587
1099 4280 1139 4346 de
1153 4280 1351 4346 Atheniensi·

246 4397 306 4460 bus
328 4397 407 4461 haec
431 4396 531 4461 verba
554 4379 715 4461 dicuntur:
