3100 4974
673 241 873 338 A„

325 443 375 507 De
398 443 453 522 eis,
478 442 532 526 q'ui
555 443 673 509 frustra
696 444 840 509 laborem
862 443 1069 527 susciperent,
1093 441 1261 509 dicebatur
1282 441 1325 505 lo·
1414 530 1417 534 ι
1490 524 1493 531 Ι
1547 524 1548 535 η

226 551 311 616 cutio
338 551 439 613 λίθον
474 550 583 637 ἕψεις,
618 554 754 643 quaein
776 573 865 636 vesp.
888 551 951 617 280
972 552 1120 631 occurrit,
1143 552 1197 614 ubi
1221 550 1324 615 schol:

225 659 361 744 παροιμία
384 659 417 722 δέ
439 659 512 723 ἐστιν
535 660 581 722 ἐπὶ
609 666 665 723 τῶν
688 661 840 724 ἀδυνάτων
862 659 997 743 γενέσθαι
1019 663 1051 722 τὸ
1082 659 1182 722 λίθον
1211 658 1324 744 ἕψεις,

225 772 265 837 ὡς
287 769 333 831 καὶ
354 769 387 831 τὸ
410 770 559 833 πλίνθον
582 771 725 838 πλύνεις
746 770 793 833 καὶ
814 772 955 855 χύτραν
982 770 1185 837 ποικίλλεις
1206 769 1254 831 καὶ
1276 768 1326 838 εἰς

224 877 316 961 ὕδωρ
348 879 493 962 γροίφεις
520 878 567 941 καί
583 878 735 942 Αἰθίοπα
765 879 960 947 λευκαίνεις
982 877 1128 940 καὶκατὰ
1148 879 1325 942 θάλατταν

225 992 394 1070 σπείρεις,
429 1008 522 1072 quam
554 988 746 1054 locutionem
781 989 844 1071 jam
867 972 1047 1072 Theognidi
1080 995 1188 1052 notam
1220 987 1326 1069 fuisse,

224 1097 343 1162 docent
364 1118 484 1180 versus,
508 1098 563 1181 qui
587 1106 659 1162 sunt
679 1119 728 1182 ap.
752 1098 869 1181 Bergk.
892 1099 913 1162 l.
938 1119 964 1162 c.
990 1096 1127 1164 nco-6:

394 1248 510 1319 δειλοὺς
532 1245 564 1310 εὖ
586 1248 695 1332 ἕρδυντι
719 1250 898 1333 ματαιοτοίτη
919 1251 1002 1334 χάρις
1023 1248 1112 1312 ἐστίν·

395 1356 455 1420 ἶσον
478 1358 524 1421 καὶ
552 1358 709 1440 σπείρειν
736 1354 865 1420 πόντον
892 1359 975 1426 ἀλθς
1002 1360 1137 1442 πολιῆς.

226 1510 352 1576 Similes
378 1511 557 1575 locutiones
590 1512 714 1576 notarit
735 1510 854 1575 Zenob.
876 1510 934 1592 VI,
956 1507 997 1571 48
1030 1509 1142 1593 χαμαὶ
1174 1509 1327 1593 ἀντλεῖς,
1437 1576 1439 1579 .

225 1617 335 1701 φακὸν
358 1618 512 1691 κύπτεις,
535 1621 569 1683 in
590 1628 669 1685 nott.
694 1620 763 1683 crit.
789 1618 880 1683 adh.
905 1619 942 1684 l:
964 1619 1147 1681 θάλασσαν
1174 1618 1327 1701 ἀντλεῖς,

226 1728 277 1791 cui
301 1714 541 1812 cognatum‘est
567 1732 698 1794 verbum
730 1730 763 1793 iu
792 1750 861 1813 equ.
884 1726 961 1791 830:
994 1728 1234 1796 θαλασσοκοπεῖς.
1278 1728 1329 1792 Ex

224 1844 289 1900 not.
314 1839 384 1902 crit.
420 1840 459 1902 ad
486 1839 604 1903 Zenob.
638 1839 678 1921 V,
703 1837 743 1900 27
770 1839 830 1902 hae
858 1844 930 1902 sunt
962 1836 1141 1923 addendae:
1176 1835 1227 1903 εἰς
1259 1839 1329 1920 πῦρ,

225 1945 360 2027 ηαίνεις,
389 1945 463 2009 κατὰ
486 1951 621 2032 πετρῶν
645 1948 811 2030 σπείρεις,
839 1946 879 2014 είς
904 1944 1054 2028 ούρανὸν
1081 1944 1261 2028 τοξεύεις,
1288 1967 1328 2010 ex

224 2054 319 2137 mog.
342 2055 366 2137 1,
388 2055 443 2122 ιο
467 2055 809 2140 Αιοοεεεμηχιις,
833 2055 902 2117 ουν
925 2054 1103 2138 (Solonius
1125 2052 1228 2138 aaut)
1256 2055 1326 2117 εικ-

225 2163 313 2243 λεις,
340 2167 452 2248 φυσᾶν
484 2165 635 2228 δίκτυον.
660 2166 699 2230 cf.
723 2166 846 2229 Erasm.
868 2187 900 2249 p.
926 2163 994 2228 118.

324 2305 361 2369 In
382 2326 456 2388 eos,
490 2308 544 2391 qui
566 2328 678 2374 secure
700 2309 822 2395 aliquid
849 2316 962 2391 agunt,
995 2305 1144 2389 nulloque
1177 2307 1323 2371 obstante

229 2420 432 2481 assecuturos
456 2437 490 2483 se
519 2438 604 2502 esse,
638 2418 723 2500 quod
745 2418 860 2499 velint,
892 2423 1021 2501 putant,
1055 2416 1173 2479 dicitur
1205 2416 1324 2482 locutio

223 2519 358 2607 ἐρήμοις
380 2528 522 2609 τρυγᾶν,
546 2547 590 2592 so.
615 2525 771 2610 ἀμπέλους,
793 2528 826 2591 in
848 2547 936 2611 vesp.
955 2524 1086 2606 134-5,
1110 2531 1142 2590 et
1163 2524 1196 2588 in
1210 2525 1324 2590 eccles.

226 2630 377 2716 884-7,
410 2635 465 2698 ubi
498 2657 590 2700 anum
611 2637 779 2717 lascivam,
813 2642 885 2701 ante
913 2634 1043 2718 januam
1070 2640 1241 2700 amatorem
1274 2654 1325 2698 ex·

223 2747 421 2826 spectantem
445 2752 477 2810 et
497 2746 711 2827 ignorantem,
744 2745 883 2829 puellam
915 2744 1045 2810 adstare
1074 2753 1170 2827 atque
1191 2741 1325 2808 eundem

178 2911 180 2915 ,
226 2858 350 2935 petere,
373 2843 480 2938 puella
501 2855 551 2918 his
572 2855 679 2919 uerbis
702 2854 842 2920 allocuta
863 2862 926 2919 est:

395 2997 442 3083 νῦν
466 2995 518 3078 μέν
541 3019 577 3078 με
600 2994 774 3081 παρκύψαοα
795 2994 959 3081 προῦφθης,
976 2997 1000 3060 ὦ
1019 2996 1126 3081 αοιπρυί,

394 3101 457 3188 ιμ”ου
480 3105 511 3166 δ’
535 3103 667 3187 ἐρέμας
690 3104 724 3169 ού
747 3104 895 3190 παρούσης
917 3104 1022 3167 ἐνθάδε

393 3213 464 3296 ἐμοῦ
485 3215 678 3299 τρυγήσειν
696 3214 747 3277 καὶ
769 3213 964 3298 προςοίξευθαί
981 3237 1042 3277 τινα

390 3320 514 3405 η’δυυσα.
651 3309 653 3313 ’

220 3464 269 3530 De
291 3465 416 3547 origiue
434 3466 600 3548 proverbii
623 3465 663 3530 cf.
687 3467 785 3530 schol.
809 3466 879 3530 cod.
901 3466 947 3531 V:
969 3463 1086 3529 ἔστιδὲ
1109 3463 1167 3526 ἀπο
1188 3465 1246 3525 τῶν
1271 3460 1325 3531 τὰς

221 3572 370 3656 ἀμπέλους
402 3575 566 3656 τηρούντων
599 3574 804 3659 ἀφροντίστως.
859 3575 975 3639 Mirum
1008 3583 1069 3657 est,
1103 3573 1187 3659 quod
1220 3595 1323 3659 neque

219 3684 500 3767 paroemiographi
528 3704 629 3768 neque
663 3684 884 3768 lexicographi
917 3684 1011 3768 hujus
1044 3685 1210 3769 proverbii
1244 3704 1321 3748 men·

220 3792 338 3857 tionem
360 3790 490 3857 iaciunt.

218 3981 222 3989 .
319 3935 369 4000 Ile
384 3936 563 4002 hominibus
578 3936 698 4001 timidis
713 3936 885 4002 nonnullae
900 3937 1080 4001 locutiones
1100 3936 1133 3999 in
1148 3956 1207 4000 usu
1222 3941 1322 4015 erant,

160 4110 163 4113 ,
219 4063 353 4125 quarum
387 4067 481 4110 unam
511 4046 645 4129 legimus
667 4047 701 4110 iu
732 4066 799 4111 ran.
832 4043 986 4127 484-5,
1019 4045 1074 4108 ubi
1095 4045 1254 4110 Xanthias
1282 4044 1324 4108 ad

217 4152 378 4217 Bacchum
399 4156 552 4239 pavidum
574 4175 746 4220 conversus
770 4154 863 4220 dicit:
890 4155 914 4218 ὦ
938 4155 1041 4240 χρυσοὶ
1063 4153 1126 4218 θεοὶ

260 4259 375 4327 ἐνταῦθ’
399 4262 478 4349 ἔχεις
500 4264 552 4348 τὴν
574 4265 691 4349 καρδίαν
698 4287 706 4349 3
730 4272 762 4330 et
781 4266 942 4330 Bacchus:
965 4263 1083 4327 δείσασα
1105 4261 1160 4347 γὰρ

260 4371 299 4441 είς
320 4374 371 4458 τὴν
395 4375 475 4437 καίτοι
498 4396 553 4458 μου
577 4372 710 4438 κοιλίαν
730 4373 963 4458 καθείρπυσεν
987 4376 1045 4458 (ευ.
1068 4374 1087 4457 ἡ
1110 4370 1197 4458 καρδί
1213 4369 1236 4454 ).
