3100 4974
726 285 767 349 69

644 374 843 383 ———...-.

345 488 377 558 ὃς
398 488 433 570 ἣν
452 494 549 557 κακοῖς
571 514 628 552 που
648 488 793 574 περιπέσῃ
816 488 864 552 καί
884 490 1007 573 πληοίος
1028 497 1164 575 παραστῇ

343 597 493 660 πέπτωκεν
516 596 573 668 ἔξω
596 602 652 660 τῶν
675 605 780 679 κακῶν,

195 706 279 791 quod
303 707 387 772 idem
409 708 597 772 scholiastes
622 708 744 771 codR
778 715 809 772 et
842 690 996 791 Didymus
1028 709 1061 772 in
1091 710 1192 773 schol.
1216 710 1294 776 rel·

193 823 274 879 runt.
335 815 427 893 Quod
461 825 496 880 ut
528 817 664 897 diceret,
697 824 794 900 poeta
826 817 1003 881 locutiones
1037 813 1108 884 Χῖος
1141 826 1173 882 et
1207 813 1294 903 Κοῖος

194 925 250 1008 (sc.
275 922 377 1009 βόλος)
400 927 558 1008 adhibuit3
597 946 656 990 nec
679 935 784 989 tamen
807 926 856 1005 iis,
879 933 915 990 ut
935 924 1034 1006 erunt,
1058 946 1133 991 usus
1156 934 1212 1006 est,
1237 928 1294 993 sed

193 1041 230 1098 ut
249 1035 458 1099 Theramenis
481 1035 615 1117 patriam
640 1034 844 1115 significaret,
868 1056 926 1118 pro
949 1030 1037 1118 Κῷος
1052 1036 1183 1118 scripsit
1198 1031 1292 1104 Κεῖος.

292 1145 449 1226 Apparet,
478 1144 680 1223 scholiastae,
708 1146 762 1226 qui
784 1144 1014 1208 Theramenem
1037 1139 1124 1227 Κῷος
1144 1145 1198 1209 vel
1220 1141 1293 1214 Χῖος

193 1258 317 1332 vocent,
340 1255 441 1317 verba
462 1253 518 1316 illa
540 1274 603 1317 non
623 1268 754 1336 prorsus
776 1253 981 1317 intellexisse.

291 1361 437 1443 Denique
459 1361 688 1426 admonendum
712 1362 787 1424 mihi
810 1368 867 1443 est,
896 1362 1145 1444 Aristophanem
1167 1381 1229 1425 non
1251 1368 1294 1427 ta·

192 1470 304 1550 tigisse
325 1471 528 1553 proverbium
551 1471 669 1552 ipsum,
693 1471 778 1553 quod
801 1471 844 1535 sit
865 1467 937 1539 Χῖος
958 1470 1109 1553 παραστὰς
1130 1466 1218 1554 Κῷον
1241 1471 1294 1533 οὐκ

192 1575 229 1661 ἑᾷ
252 1577 344 1659 λέγειν
366 1580 418 1643 vel
442 1574 510 1662 Κῷς
532 1581 602 1661 πρὸς
625 1575 706 1659 Χῖον,
736 1579 791 1643 sed
814 1579 992 1645 locutiones
1016 1587 1146 1653 tantum,
1168 1600 1208 1644 ex
1229 1581 1294 1663 qui·

191 1690 251 1752 bus
273 1690 476 1771 proverbium
500 1695 602 1751 ortum
623 1690 673 1768 sit,
697 1689 823 1752 scilicet
845 1688 860 1749 ὁ
884 1686 955 1755 Χῖος
979 1698 1012 1753 et
1034 1688 1049 1749 ὁ
1072 1683 1159 1772 Κῷος
1180 1687 1277 1773 βόλος.

291 1796 413 1874 Quodsi
445 1798 598 1881 Didymus
625 1805 708 1862 teste
731 1797 906 1861 scholiasta
937 1799 1037 1861 verba
1063 1795 1097 1858 od
1121 1793 1192 1864 Χῖος
1215 1796 1294 1860 ἀλλὰ

190 1901 276 1972 Κεῖος
298 1907 462 1989 proverbii
486 1906 560 1970 loco
584 1906 695 1969 habuit
717 1906 856 1989 (Δίδυμος
879 1905 913 1967 δέ
934 1930 1019 1990 φησιν
1043 1904 1086 1967 ὅτι
1108 1905 1226 1967 δύναται
1247 1907 1294 1969 καὶ

175 1996 243 2096 ’τῆς
264 2015 415 2097 παροιμίας
437 2015 608 2098 μεμνῆσθαι,
632 2013 664 2075 οὐ
684 2010 758 2081 ,Χῖος
774 2013 851 2076 ἀλλὰ
864 2009 974 2097 Κεῖος),
998 2035 1090 2098 quem
1103 2015 1292 2083 Welckerus

160 2123 302 2217 script.
325 2124 398 2187 min.
421 2124 461 2205 II,
484 2122 547 2184 toa
569 2130 696 2186 secutus
720 2131 784 2204 est,
811 2125 880 2206 jam
909 2125 1026 2188 nemini
1059 2124 1187 2188 dubium
1221 2146 1294 2192 esse

191 2239 312 2317 potest,
335 2234 426 2315 quin,
455 2254 526 2296 cum
549 2232 780 2315 Aristophanes
808 2253 888 2297 voce
913 2228 996 2301 Κεῖος
1017 2234 1155 2317 patriam
1176 2233 1294 2298 Thera·

192 2341 291 2405 menis
315 2342 562 2423 significaverit,
599 2344 711 2423 verloa,
745 2362 827 2424 quae
855 2342 1010 2424 Didymus
1037 2364 1098 2426 pro
1120 2345 1292 2427 proverbio

193 2451 311 2530 habuit,
335 2451 551 2534 proverbialia
573 2472 647 2514 non
671 2452 742 2514 sint.

292 2559 409 2623 Paucis
442 2568 478 2623 ut
512 2554 720 2641 complectar,
752 2580 833 2642 quae
861 2559 900 2623 de
927 2559 1124 2623 Theramene
1147 2559 1292 2640 disserui,

193 2669 272 2733 haec
296 2676 381 2732 sunt:
407 2669 622 2733 Theramenes
644 2670 677 2731 in
691 2669 797 2731 insula
811 2668 876 2732 Oea
891 2675 983 2731 natus
1006 2678 1070 2749 est;
1094 2676 1293 2753 quapropter

195 2774 427 2859 Aristophanes
464 2779 625 2858 attingens
652 2777 844 2857 locutiones,
878 2796 960 2859 quae
993 2782 1066 2840 sunt
1088 2778 1103 2839 ὁ
1127 2774 1199 2844 Χῖος
1222 2779 1291 2841 eti

197 2881 280 2967 Κῷος
302 2885 397 2970 βόλος,
420 2886 502 2949 dixit
524 2885 558 2946 od
581 2882 661 2968 Χῖος,
684 2884 762 2947 ἀλλὰ
785 2880 878 2967 Κεῖος,
910 2895 946 2949 ut
967 2884 1184 2967 significaret,
1197 2886 1293 2951 fortu-

196 3016 264 3058 nam
285 2995 476 3060 Therameni
499 2996 617 3076 ubique
640 3001 769 3076 praesto
791 2993 900 3059 finisse.

293 3104 354 3181 Qui
376 3106 467 3188 plura
490 3104 529 3167 de
552 3103 749 3167 Theramene
770 3123 965 3185 cognoscere
987 3104 1078 3185 velit,
1107 3104 1196 3184 legat
1216 3105 1291 3187 Lys.

190 3237 254 3277 κατ.
277 3210 429 3296 Ἐρατοσθ.
453 3210 472 3297 ξ
493 3210 626 3274 62-79.

292 3323 364 3387 Ηοο
406 3324 478 3386 loco
512 3321 641 3385 crudele
677 3322 855 3384 institutum
891 3321 1197 3385 commemorandum
1234 3330 1291 3402 est,

190 3432 276 3514 quod
299 3441 332 3496 et
352 3432 470 3495 nostris
492 3431 667 3513 majoribus
689 3439 796 3494 notum
809 3435 886 3494 erut.
921 3433 1057 3494 Veteres
1082 3433 1164 3493 enim
1181 3451 1292 3495 servos

191 3542 390 3624 gravissimis
413 3541 581 3623 suppliciis
604 3540 802 3621 afficiebant3
842 3560 923 3621 quae
956 3548 991 3602 ut
1022 3539 1151 3604 lucilius
1185 3540 1293 3604 cruda·

191 3650 318 3733 liusque
340 3658 534 3729 exercerent,
563 3649 778 3712 instrumentis
802 3648 991 3730 quibusdam
1013 3651 1190 3728 utebantur,
1220 3669 1293 3730 quo

190 3780 260 3821 rum
293 3780 386 3825 unum
419 3767 481 3837 est,
512 3758 597 3838 quod
620 3757 747 3821 Graece
772 3757 855 3824 ξύλον
881 3768 1021 3821 vocatur.
1065 3758 1144 3822 Erat
1165 3758 1225 3821 hoc
1248 3758 1293 3821 in·

190 3876 397 3931 strumentum
419 3868 558 3949 ligneum
583 3873 614 3930 et
636 3865 844 3949 perforatum,
878 3867 909 3928 iu
932 3866 1017 3949 quod
1040 3874 1148 3950 caput,
1175 3887 1293 3948 manus,

190 3977 291 4060 pedes
314 3979 398 4039 servi
422 3975 572 4056 puniendi
595 3977 825 4039 inserebantur.
870 3977 942 4039 Hac
965 3996 1004 4038 ex
1026 3996 1061 4039 re
1080 3976 1202 4040 locutio
1225 3997 1295 4060 pro·

191 4086 278 4149 fecta
298 4095 356 4165 est,
380 4105 463 4166 quae
486 4093 535 4148 est
558 4083 590 4150 ἐξ
614 4085 710 4151 ἀξίου
733 4084 838 4151 ξύλου
868 4084 1108 4164 ἀπάγξασθαι,
1142 4094 1295 4166 usurpata

191 4197 233 4258 ab
254 4195 471 4276 Aristophane
493 4194 526 4255 in
549 4214 615 4256 ran.
641 4191 715 4271 736,
749 4195 802 4256 uhi
837 4195 951 4257 chorus
984 4194 1171 4257 adhortatur
1199 4194 1292 4258 Athe·

192 4305 327 4384 nienses,
351 4312 385 4366 ut
407 4303 545 4384 optimos
568 4304 656 4365 cives
679 4303 725 4366 rei
747 4303 897 4384 publicae
919 4302 1117 4385 praeficiant,
1142 4325 1204 4367 nou
1226 4323 1294 4386 pes-

193 4413 306 4495 simos
341 4432 412 4476 nam
436 4411 463 4474 si
485 4410 550 4476 illis
574 4412 707 4476 ducibus
730 4415 898 4497 quicquam
921 4412 997 4476 mali
1019 4412 1184 4494 acciderit,
1206 4420 1294 4478 certe
