3100 4974
782 286 824 348 20

699 373 899 383 ——-—-—--

248 507 357 551 νουσα
379 484 437 549 καὶ
458 486 551 549 κύων
575 488 773 572 λαίδαρηος
795 486 838 566 οἶ,
861 490 1015 572 tetigisse,
1038 491 1228 556 scholiastes
1244 491 1351 574 refert,

248 599 405 679 praebens
432 597 513 660 hanc
539 597 849 681 interpretationem:
873 598 919 661 ἐπὶ
933 603 991 660 τῶν
1007 597 1240 682 ὑποκρινομένων
1262 602 1352 682 δῆθεν

247 705 363 789 εὐνοεῖν,
385 703 636 792 ἐπιβουλευόντων
660 706 693 767 δὲ
714 707 819 790 λάθρα.
851 709 1017 773 Pertinent
1032 728 1070 773 ea
1085 711 1184 773 verba
1206 711 1248 774 ad
1263 710 1352 775 Cleo·

247 835 332 898 nem,
355 816 410 899 qui
431 815 551 898 populo
574 817 682 880 verbis
705 816 831 898 quidem
854 817 1050 900 blandiatur,
1074 819 1130 883 sed
1153 821 1370 903 quotiescun

246 945 308 1007 que
330 924 460 988 occasio
486 923 567 987 data·
584 926 638 1007 sit,
667 945 736 989 eum
760 926 920 1010 compilet.
965 927 1150 1011 Quanquam
1177 929 1351 1013 paroemio-

246 1034 361 1117 graphi
382 1033 444 1097 hoc
467 1035 672 1116 proverbium
690 1056 753 1098 non
776 1044 1016 1119 annotaverunt,
1038 1047 1145 1103 tamen
1161 1039 1350 1103 scholiastes

245 1143 306 1206 hac
329 1143 362 1205 in
384 1163 419 1207 rc
442 1150 554 1207 auctor
568 1144 645 1206 mihi
660 1144 787 1208 videtur
810 1146 889 1208 satis
913 1146 1036 1228 dignus,
1061 1149 1112 1211 cui
1135 1146 1214 1211 fides
1231 1149 1351 1212 habea·

245 1259 305 1332 tur,
329 1271 397 1315 eam
419 1250 612 1316 locutionem
635 1271 707 1316 csse
728 1251 906 1333 vulgarem,
932 1254 1050 1318 dictam
1072 1255 1111 1319 de
1134 1256 1194 1336 eis,
1221 1258 1276 1339 qui
1298 1257 1351 1319 hu·

245 1360 312 1424 mili
335 1360 461 1423 ratione
483 1360 580 1423 alicui
602 1360 821 1442 blandiantur,
844 1367 878 1424 at
900 1361 981 1424 clam
1004 1363 1137 1426 cundem
1160 1366 1333 1448 compilant
1340 1387 1348 1446 3

245 1469 434 1554 praesertim
457 1490 527 1532 cum
550 1470 582 1532 in
606 1489 676 1550 equ.
695 1466 775 1529 1069
799 1477 897 1551 poeta
919 1470 1033 1533 iterum
1055 1470 1096 1532 ad
1118 1469 1202 1532 idem
1225 1479 1349 1553 specta-

244 1579 328 1642 verit
349 1578 561 1660 proverbium,
584 1585 618 1641 ut
641 1577 830 1656 scholiastes
847 1579 1020 1641 annotavit.
1058 1576 1244 1641 Affirmatur
1259 1579 1348 1642 scho-

243 1688 358 1751 liastae
380 1688 538 1751 sententia
560 1707 597 1751 eo
621 1686 706 1769 quod
727 1706 808 1751 voce
830 1687 919 1750 canis
934 1692 1060 1751 veteres
1084 1687 1210 1751 omnino
1233 1688 1267 1750 id
1288 1688 1349 1770 sig-

243 1795 430 1877 nificabant,
460 1796 546 1879 quod
568 1796 686 1860 humile
708 1796 934 1879 sordidumque
956 1816 1027 1861 esse
1050 1796 1231 1877 videbatur,
1261 1804 1295 1861 ut
1315 1797 1348 1860 in

243 1906 317 1989 Lys.
340 1902 418 1971 362:

393 2013 515 2097 καὶμὴν
537 2012 600 2075 ἰδού
624 1997 779 2082 παταξάτω
802 2033 858 2079 τις·
881 2015 963 2075 στᾶο’
984 2004 1043 2094 ἐγὼ
1067 2011 1182 2103 παρέξω

393 2121 445 2209 κού
469 2123 509 2206 μή
532 2123 595 2184 ποτ’
618 2119 696 2204 ἄλλη
719 2144 771 2183 σου
794 2120 871 2183 κύων
893 2126 950 2184 τῶν
974 2118 1089 2208 ὄρχεων
1112 2123 1246 2206 λάβηται.

328 2231 525 2298 Sententiam
540 2232 652 2295 horum
670 2231 841 2295 verborum
856 2232 1073 2313 obscenorum,
1097 2251 1179 2315 quae
1198 2231 1348 2296 mulieres

183 2358 186 2363 '
244 2342 286 2407 ad
307 2343 439 2406 maritos
461 2361 636 2406 conversae
659 2341 863 2425 eloquuntur,
896 2343 1004 2405 verbis
1027 2361 1075 2406 me
1101 2340 1271 2425 explicare,
1294 2341 1346 2405 de·

245 2472 353 2517 corum
374 2458 472 2517 vetat.
506 2449 593 2516 Satis
615 2451 691 2513 mihi
715 2457 793 2532 esto,
817 2451 844 2513 si
859 2450 1149 2533 comprehenderis,
1173 2469 1255 2513 voce
1270 2447 1347 2511 κύων

242 2560 362 2624 humile
387 2559 509 2644 aliquid
532 2559 721 2642 significari,
750 2560 836 2643 quod
856 2560 941 2624 idem
965 2580 1005 2625 ex
1025 2579 1106 2624 voce
1126 2558 1274 2642 κονοείδης
1294 2558 1347 2623 vel

243 2670 376 2753 νανώδης
397 2670 597 2754 intelligItur.

342 2777 381 2843 In
403 2781 542 2843 obscena
565 2778 804 2862 comparatione
826 2783 973 2841 versatur
994 2778 1026 2840 in
1048 2778 1122 2860 Lys.
1148 2774 1239 2858 157‚8
1262 2781 1348 2840 totus

239 2888 344 2973 jocus,
366 2889 422 2951 ubi
438 2895 606 2971 postquam
621 2887 778 2952 Callinice
795 2888 937 2969 rogavit:
961 2887 990 2949 τί
1009 2888 1045 2966 δ’,
1067 2885 1102 2967 ἣν
1119 2885 1223 2970 ἀμίωο’
1246 2884 1349 2970 ἅνδρες

242 2998 330 3081 ἡμᾶς,
352 2995 481 3080 ὧμέλε;
503 2997 680 3079 Lysistrate
695 2996 882 3079 respondet:
902 2996 935 3057 τὸ
957 2998 1009 3057 τού
1025 2994 1240 3079 Φερεκράτους,
1263 2995 1349 3056 κύνα

243 3106 358 3191 δέρειν
392 3105 634 3190 δεδαρμένην·
668 3126 750 3190 quae
778 3108 878 3170 verba
901 3105 1090 3169 scholiastes
1113 3104 1160 3168 sic
1184 3111 1234 3169 est
1255 3104 1349 3169 inter-

242 3225 402 3301 pretatus:
436 3214 485 3278 ἐὰν
518 3217 595 3300 ἡμᾶς
622 3215 817 3299 παραδίδωσιν
845 3215 871 3276 οἱ
894 3211 1010 3297 ἄνδρες,
1043 3212 1110 3274 τότε
1131 3214 1216 3275 πάλιν
1238 3212 1350 3282 ἐξέσται

243 3326 368 3412 ahialim<
390 3325 570 3410 χρήσασθαι,
603 3325 650 3386 καὶ
670 3322 820 3406 ἀποδέρειν
840 3323 876 3385 τὰ
899 3319 1123 3404 ἀποδεδαρμένα
1146 3322 1245 3404 σκύτη.
1291 3321 1349 3401 Φες

151 3442 154 3445 ’
243 3435 385 3519 ρεκράτης
408 3433 438 3495 ἐν
462 3434 585 3518 δράματι
611 3431 673 3497 εἶπε
696 3436 794 3514 τούτο,
830 3429 915 3494 ἔνθεν
942 3431 1116 3514 τάοοεταιὴ
1144 3432 1281 3515 παροιμία
1304 3430 1351 3492 ἐπὶ

242 3546 300 3606 τῶν
323 3542 399 3606 ἄλλο
422 3540 597 3628 παοχύνπων
612 3542 658 3628 ἐφ’
682 3541 723 3610 οἷς
745 3538 931 3605 πεπόνθασιν.
952 3541 1055 3626 σχῆμά
1070 3541 1144 3604 ἐστιν
1159 3525 1349 3603 ἀκολαοτνκύν

243 3653 283 3721 εἰς
305 3656 339 3716 ab
361 3651 479 3717 αἰδοῖον.
515 3653 607 3719 Haec
622 3656 723 3719 verba
738 3653 894 3735 praebent
916 3653 1029 3733 omnia,
1054 3670 1137 3735 quae
1160 3651 1200 3714 ad
1224 3670 1348 3715 versum

241 3764 337 3829 istum
360 3763 583 3846 explicandum
607 3783 688 3847 opus
710 3770 791 3828 sunt.
827 3762 877 3826 De
891 3761 1057 3844 proverbii
1072 3761 1230 3824 sententia
1245 3778 1348 3842 pauca

242 3880 364 3939 tantum
386 3872 523 3937 dicenda
546 3878 629 3936 sunt.
673 3873 723 3935 Ex
749 3871 810 3935 hoc
839 3877 956 3955 poetae
977 3869 1078 3934 nostri
1106 3869 1180 3932 loco
1202 3868 1282 3931 nihil
1301 3888 1348 3932 re-

243 3983 311 4067 peti
334 3988 450 4066 potest,
473 3982 557 4066 quod
578 3982 641 4045 vim
664 3982 829 4065 proverbii
852 3979 1000 4064 explicet,
1024 3999 1094 4042 cum
1114 3978 1348 4062 Aristophanes

243 4095 416 4158 obscenam
451 4099 587 4171 tantum¹
612 4091 882 4174 comparationem
915 4089 1087 4172 praebeat3
1123 4093 1211 4152 recte
1244 4093 1348 4151 autem

242 4201 446 4287 interpretati
461 4210 543 4265 'sunt
564 4202 768 4284 proverbium
790 4199 886 4282 Diog.
902 4198 942 4279 V,
966 4196 1007 4259 85
1025 4186 1062 4262 ‘et
1084 4196 1172 4263 Suid.
1195 4215 1219 4260 s.
1244 4217 1278 4258 v:
1302 4194 1349 4257 ἐπὶ

241 4315 299 4374 τῶν
322 4313 415 4395 μάτην
438 4335 463 4373 τι
485 4310 652 4375 ποιούντων.
697 4310 930 4395 Aristophanes
965 4307 1063 4391 igitur
1090 4306 1254 4390 propriam
1281 4325 1348 4369 ver-

242 4423 356 4487 borum
379 4419 646 4504 significationem
670 4422 809 4486 obscene
833 4417 969 4501 adhibet,
992 4417 1025 4480 in
1047 4415 1220 4499 proverbio
1243 4421 1347 4480 autem
