3100 4974
710 278 752 344 33

179 485 265 568 θρῖοι
285 504 348 548 non
370 481 535 564 farcimen,
570 482 627 548 sed
649 481 759 547 folium
782 481 980 566 significare,
1009 486 1153 567 apparet
1197 475 1286 547 idem

181 592 389 679 proverbium
410 595 523 675 Apost.
546 591 637 671 XIV,
659 589 701 653 68
721 592 853 674 recepit,
876 592 930 655 ubi
953 591 1035 656 falsa
1056 591 1155 657 lootio
1179 590 1288 674 θηριων

181 722 244 787 pro
267 701 357 785 θρίων
378 701 505 785 legitur.

285 809 400 876 Utrum
421 810 455 873 in
474 829 542 872 ran.
565 805 627 871 859
653 807 688 872 ob
711 807 737 870 b’
761 806 849 876 εὐθὺς
871 806 974 890 ὥσπερ
1004 810 1131 891 πρῖνος
1159 807 1286 892 ἐρπρη

182 918 285 988 ohel<
319 920 404 1004 βοᾷς,
440 919 554 1002 quibus
587 918 695 983 verbis
721 917 867 982 Bacchus
896 916 1089 999 Aeschylum
1121 916 1293 999 compellat

182 1029 391 1093 vehementer
412 1027 662 1092 stomachantem
678 1033 812 1110 propter
826 1025 990 1108 Euripidis
1006 1025 1147 1106 crimina,
1169 1025 1291 1090 locutio

181 1138 327 1220 vulgaris
343 1138 553 1218 contineatur,
577 1157 616 1200 an
640 1136 828 1218 metaphora
850 1136 890 1198 ab
905 1133 1125 1216 Aristophane
1147 1133 1291 1214 formata,

182 1248 218 1310 iu
240 1246 345 1311 medio
378 1245 619 1328 relinquendum
646 1251 712 1324 est,
748 1257 927 1328 quanquam
950 1243 1084 1308 Graecis
1112 1243 1292 1327 complures

182 1355 329 1439 ejusdcm
362 1354 490 1438 generis
523 1352 701 1419 locutiones
735 1352 886 1434 vulgares
920 1351 1019 1417 fuisse
1051 1353 1151 1418 tradit
1137 1360 1201 1418 tum
1234 1359 1292 1425 cst,

182 1465 285 1530 veluti
307 1484 359 1546 ap
382 1464 476 1547 Diog
494 1463 551 1541 VI,
566 1459 607 1525 52
629 1460 745 1544 μείζονα
767 1460 824 1545 poa
845 1460 957 1545 δάφνης
978 1463 1100 1545 χλωρᾶς
1123 1459 1292 1545 καιομένης·

181 1573 232 1636 ἐπὶ
256 1576 319 1635 τῶν
342 1574 458 1654 μεγάλα
480 1571 628 1654 βοώντων

285 1681 335 1745 Ex
357 1681 513 1760 elleboro,
547 1680 633 1763 quod
653 1679 790 1743 Romani
813 1687 971 1744 veratrum
992 1687 1123 1752 vocant,
1097 1679 1292 1744 tmodica·
1350 1672 1352 1677 ’

185 1797 325 1855 ιιιοιιιιιιιι
346 1789 465 1854 Graeci
488 1790 735 1870 componebant,
758 1808 820 1871 quo
843 1788 866 1851 ii
890 1794 1092 1868 sanarentur,
1115 1787 1224 1871 quiin
1247 1788 1290 1852 in-

185 1899 307 1964 saniam
330 1899 527 1963 incidissent.
554 1897 760 1979 Quapropter
773 1896 937 1977 locutioni,
959 1900 1106 1979 quaeest
1124 1894 1182 1957 rnil’
1205 1894 1289 1959 ἑλλέ-

185 2008 304 2092 βορον
294 2029 327 2071 ιιι
348 2005 523 2072 ran11489
556 2006 669 2071 similis
703 2004 874 2088 significat
866 2025 897 2068 ro
931 2005 1015 2069 inest
1041 2024 1079 2068 ac
1110 2004 1137 2068 si
1160 2004 1294 2069 dicimus

187 2117 339 2198 „insanus
361 2137 408 2199 ea,
435 2126 565 2181 veratro
587 2115 647 2179 tibi
668 2134 750 2197 opus
772 2115 850 2179 ιιι.ιι
896 2112 936 2177 ci
959 2116 1073 2196 Apost.
1052 2114 1186 2195 tXlV,
1209 2111 1291 2178 aaa.

184 2228 302 2292 Athen
325 2226 366 2305 X,
387 2223 461 2290 446
483 2226 523 2288 Ι).
568 2223 736 2308 Spectavit
757 2223 797 2287 ad
819 2223 984 2306 proverbii
1006 2223 1137 2287 formam
1159 2230 1229 2287 tant
1230 2245 1289 2305 um,

185 2334 336 2418 neglecta
358 2335 531 2412 sententia,
564 2339 663 2416 posta
688 2338 797 2396 noster
823 2332 856 2394 in
877 2331 952 2415 Lys.
975 2330 1025 2397 67.
1057 2332 1111 2396 ubi
1135 2331 1292 2411 Callinico

187 2445 337 2509 mulieres
365 2443 532 2507 nonnullas
567 2441 866 2526 appropinquantes
897 2441 1010 2506 videns
1043 2461 1082 2505 ex
1113 2440 1293 2523 Lysistrata

188 2553 323 2637 quaerit,
345 2553 429 2617 uude
450 2552 526 2618 sint:
557 2548 647 2613 πόθεν
670 2549 755 2632 sirim
789 2551 841 2614 cui
862 2550 942 2614 baec
963 2549 1151 2632 respondet:
1170 2546 1292 2631 Ἀνοηο·

189 2660 355 2746 ροονιόιεν,
389 2668 423 2725 et
450 2660 506 2725 illa
528 2661 656 2726 iterum:
690 2661 724 2742 νὴ
746 2657 795 2720 τὸν
817 2658 870 2720 Δία
892 2658 908 2720 ὁ
931 2662 999 2741 γοῦν
1028 2656 1207 2742 ἀνάγυρός
1236 2680 1294 2741 μοι
1347 2670 1349 2673 ’

187 2768 406 2851 κεκινῆσθαι
427 2769 538 2832 δοκεῖ.

288 2879 370 2943 llrat
390 2878 472 2942 enirn
487 2883 520 2942 et
535 2878 624 2941 vicus
647 2878 679 2941 iu
694 2878 813 2959 Attica,
835 2877 886 2941 cui
902 2896 1016 2941 nomen
1033 2872 1201 2959 Ἀνοίηορος
1216 2883 1294 2959 crat,

194 2992 225 3050 et
245 2987 343 3052 herba
365 2987 522 3071 quaedam
544 2987 656 3052 codem
677 2988 804 3051 nomine
826 2985 990 3069 praedita,
1024 3006 1156 3068 quarum
1178 3005 1294 3049 vocum

188 3095 220 3158 iu
242 3103 400 3161 concentu
422 3096 493 3161 solo
516 3095 613 3178 jocus
636 3096 824 3160 continetur.
868 3094 949 3159 Nam
973 3095 1057 3175 quod
1084 3093 1204 3159 locutio
1229 3093 1296 3157 ἀνά·

187 3227 273 3288 γορον
297 3209 410 3267 κινεῖν
437 3204 612 3286 significat,
645 3205 678 3268 id
701 3202 832 3287 prorsus
853 3204 915 3268 hoc
937 3204 1010 3267 loco
1033 3204 1213 3286 neglectum
1235 3213 1294 3268 cst.

188 3312 267 3377 Orto
291 3320 340 3378 est
360 3314 481 3377 locutio
505 3334 524 3379 a
545 3313 624 3379 floro
646 3313 799 3395 drappos,
824 3313 879 3395 qui
901 3313 995 3377 tritus
1018 3313 1100 3377 male
1122 3312 1238 3391 olebat,
1261 3321 1296 3377 ιιι

187 3423 220 3486 ιιι
244 3424 377 3488 scholiis
403 3422 536 3505 legimus
567 3420 629 3486 ἔστι
650 3422 684 3484 δὲ
705 3420 764 3483 πόα
786 3422 928 3504 burdam.
973 3422 1149 3487 Dicebatur
1175 3422 1207 3484 in
1230 3442 1295 3495 cos,

188 3533 243 3615 qui
267 3532 431 3616 sibiipsis
453 3531 606 3599 malorum
626 3538 776 3597 auctores
799 3539 908 3597 essent
933 3537 966 3597 et
987 3532 1020 3594 in
1042 3551 1130 3595 suam
1152 3532 1294 3614 ipsorum
1335 3510 1338 3519 ,

188 3641 363 3724 perniciem
392 3641 571 3723 quempiam
601 3642 657 3704 irri
660 3646 779 3719 barben
816 3640 993 3703 ut.Erasm
1018 3661 1047 3722 p
1071 3638 1112 3701 39
1145 3640 1294 3723 cxplicat

188 3748 229 3815 ci
254 3752 368 3832 Apost.
346 3748 452 3830 t,lX
474 3746 530 3828 99,
564 3751 618 3831 qui
646 3749 766 3813 similes
788 3749 966 3812 locutiones
989 3753 1164 3827 enumerat,
1138 3748 1296 3812 ttivclu

188 3858 302 3940 κορώνη
325 3857 374 3920 τὸν
401 3858 548 3942 σκορπίον,
580 3856 654 3921 κόνιν
683 3862 791 3942 φυσᾷς,
822 3854 856 3920 εὖ
884 3856 1012 3939 κείμενον
1038 3859 1126 3918 κακὸν
1151 3859 1234 3924 κινεῖς
1255 3894 1297 3902 -

188 3988 272 4049 qnae
296 3969 394 4032 verba
417 3976 579 4051 postrema
601 3989 664 4033 uon
686 3967 851 4051 proverbii
873 3967 1030 4050 speciem,
1061 3965 1118 4030 sed
1144 3966 1297 4049 interpro-

188 4076 321 4140 tatiouis
344 4077 563 4143 antecedentis
593 4077 758 4159 proverbii
786 4078 943 4159 praebant
975 4112 1015 4120 —
1050 4073 1154 4136 λέοντα
1176 4074 1296 4143 odocar.
1372 4131 1374 4137 .

188 4185 464 4251 Commemoratur
483 4192 593 4251 nostra
615 4186 735 4250 locutio
764 4186 860 4250 ctiam
889 4185 1049 4251 achob
1071 4183 1118 4263 Π,
1140 4182 1236 4247 hbet
1257 4184 1296 4249 G

190 4293 412 4377 ewulm

290 4404 328 4468 Iu
349 4423 405 4468 ore
429 4402 548 4485 vulgi
539 4409 615 4467 rtem
637 4404 788 4467 versabat
776 4410 827 4466 tur
848 4350 983 4483 locutio,
1007 4421 1090 4485 quae
1112 4408 1161 4467 est
1183 4403 1296 4485 λημᾶν

1180 4517 1197 4569 3
