3100 4974
698 282 733 344 31

164 480 216 563 μία
239 502 309 546 eum
334 483 538 566 sequentibus
571 481 634 567 alpe
660 487 807 566 πλῆκτρον
830 484 980 566 conjungi
1002 483 1079 549 vult.
1123 484 1266 550 Affirma-

163 598 217 653 ουτ
239 592 424 671 conjectura
446 612 514 657 mea
549 613 596 675 eo,
629 595 714 678 quod
736 594 856 659 Zenob.
881 593 950 668 ],68
983 601 1150 677 cognatam
1183 596 1267 659 loeu-

163 699 284 764 tionem
305 702 443 765 notavit:
467 700 659 785 ἀλεκτρυόνος
682 702 847 787 μέμφεσθαι
861 704 985 766 κοιλίαν·
1001 704 1117 767 ἐπὶτῶν
1139 704 1203 788 περὶ
1218 703 1267 766 τὸν

165 808 228 892 βίον
250 811 424 873 πολυτελῶν
446 810 493 872 καὶ
517 811 717 896 ἁβροδιαίτων.

269 919 388 1000 Dacis,
412 921 466 1001 qui
489 941 528 986 ex
542 923 637 986 rebus
649 919 777 986 minutis
799 921 913 985 nimios
930 920 1051 986 fructus
1067 929 1266 1004 quaererent,

163 1027 335 1092 dicebatur
370 1031 588 1113 proverbium:
625 1031 687 1114 μία
732 1029 849 1114 λόχμη
892 1029 954 1093 tto
991 1030 1265 1123 lprdnaoucod

162 1135 296 1220 τρέφει.
329 1139 367 1202 In
389 1159 476 1222 vesp.
500 1137 591 1220 sals
614 1141 646 1203 in
668 1139 745 1204 ficto
764 1140 889 1224 judicio
914 1141 1010 1220 canis,
1034 1161 1116 1224 quae
1139 1161 1267 1206 accusa-

161 1247 244 1311 toris
266 1253 376 1330 partes
399 1249 573 1331 obtinebat,
596 1271 616 1313 a
638 1249 843 1313 Philocleone
862 1249 973 1332 judice
996 1249 1088 1333 petit,
1122 1257 1157 1314 ut
1179 1250 1267 1313 canis

162 1363 317 1421 accusata
340 1359 501 1443 supplicio
523 1358 691 1440 afficiatur,
714 1359 761 1422 sic
783 1359 930 1442 loquens:

315 1503 387 1581 πρὸς
410 1504 500 1562 ταῦτα
521 1503 623 1563 τοῦτον
645 1504 789 1564 κολάσατ’·
811 1501 845 1564 οὐ
878 1501 933 1585 γὰρ
956 1499 991 1563 ἄν
1014 1523 1107 1569 ποτε.

316 1605 429 1692 τρέφειν
453 1610 558 1672 δύναιτ’
582 1608 616 1672 σίν
639 1610 690 1692 μία
711 1610 809 1695 λόχμη
831 1609 943 1674 κλέπτα
965 1611 1027 1693 δύο,

164 1749 279 1831 quibus
318 1751 427 1817 verbis
459 1760 557 1836 poeta
590 1754 624 1817 id
660 1754 864 1838 proverbium
900 1754 1008 1837 tetigit
1045 1754 1128 1837 quod
1171 1774 1268 1839 supra

163 1859 335 1923 nominavi.
380 1860 545 1946 Sumptum
579 1870 628 1928 est
660 1883 679 1927 a
711 1872 825 1926 natura
852 1863 986 1927 erithaci
1010 1864 1079 1927 avis
1105 1863 1268 1943 cujusdam

164 1968 331 2033 solitariae
352 1975 384 2033 et
413 1972 557 2056 rapacis3
581 1992 653 2034 nam
674 1991 776 2055 rapax
792 1977 841 2035 est
863 1974 932 2035 avis
954 1972 1135 2036 erithaoeus
1151 1981 1184 2037 et
1198 1972 1268 2036 sola

163 2085 287 2142 tantum
301 2080 412 2143 vivere
432 2080 523 2160 solet,
545 2087 580 2144 ut
593 2081 625 2143 in
644 2101 682 2145 eo
696 2082 757 2144 lem
773 2080 855 2144 saltu
873 2102 936 2143 non
953 2085 1072 2145 temere
1091 2081 1153 2144 nisi
1174 2102 1268 2144 unam

163 2189 319 2267 invenias,
340 2195 375 2251 ut
389 2188 510 2253 Erasm.
527 2209 558 2271 p.
574 2187 636 2251 313
651 2191 754 2254 docet.
792 2190 1048 2273 Interpretantur
1063 2191 1267 2273 proverbium

164 2296 262 2361 simili
295 2297 419 2362 ratione
451 2300 564 2384 Apost.
591 2297 687 2378 llos.
712 2299 830 2363 Zenob.
862 2298 941 2378 5,]1.
974 2300 1068 2382 Diog.
1102 2297 1188 2381 3‚15:
1222 2298 1269 2360 ἐπὶ

165 2410 223 2467 τῶν
246 2406 279 2467 ἐκ
301 2410 401 2488 μικροῦ
424 2430 497 2473 τινος
519 2406 617 2469 πολλὰ
638 2406 873 2479 σπουδαζόντων.
908 2408 1162 2472 Melius-Erasm.
1185 2408 1206 2471 l.
1224 2428 1266 2472 c.:

168 2516 263 2595 „mihi
285 2515 412 2579 videtur
432 2537 495 2580 non
518 2517 785 2600 intempestivitas
807 2517 871 2581 diei
892 2536 988 2601 posse
1009 2518 1042 2580 in
1065 2536 1128 2599 eos,
1154 2517 1268 2599 quibus

167 2645 280 2706 parum
302 2627 451 2690 convenit
483 2646 542 2690 neo
574 2628 607 2690 in
630 2627 743 2691 eodem
768 2647 897 2691 munere
919 2626 1123 2690 concorditer
1143 2626 1268 2690 versari

169 2735 315 2814 queunt.“

267 2843 384 2908 Notum
407 2850 465 2924 est,
488 2844 620 2926 gruibus
644 2843 904 2909 consuetudinem
927 2863 1012 2924 esse,
1034 2849 1068 2907 ut
1088 2843 1213 2929 lapides
1235 2844 1267 2906 in

175 2970 230 3013 ore
255 2971 359 3018 secum
392 2960 534 3038 portent;
570 2954 659 3033 cujus
693 2944 933 3017 consuetudinis
966 2955 1157 3019 mentionem
1190 2952 1269 3016 iacit

171 3070 265 3143 poete
285 3063 318 3124 in
342 3083 389 3124 av.
416 3061 534 3143 113o‚7‚
558 3064 612 3126 ubi
634 3063 760 3126 nuntius
778 3062 1000 3126 Peithetaerus
1022 3061 1165 3127 referens
1195 3082 1268 3146 quo·

167 3170 261 3234 modo
283 3172 359 3234 urbs
383 3171 487 3235 avium
510 3168 764 3253 Νεφελοκοκκυγία
787 3170 1019 3253 aedificatasit,
1043 3192 1113 3235 oum
1127 3172 1266 3234 aliatum

164 3278 247 3344 haec
270 3288 389 3363 narrat,
412 3301 506 3363 grues
530 3281 674 3345 attulisse
696 3281 840 3364 lapides:

367 3429 400 3493 ἐκ
422 3431 473 3515 μέν
493 3454 526 3512 γε
547 3431 653 3516 Λιβύης.
672 3430 742 3514 ίγκυν
765 3435 805 3500 ὡς
827 3432 980 3515 τριςμόριοι

366 3540 480 3624 γέρανοι
502 3540 657 3623 θεμελίους
678 3545 916 3604 καταπεπωκυῖαι
939 3540 1037 3608 λίθους

166 3682 199 3739 et
220 3674 252 3737 in
276 3694 325 3739 av.
350 3672 462 3756 lassa
483 3675 523 3739 de
546 3676 757 3759 sycophanta:

317 3828 391 3908 μετὰ
414 3831 471 3888 τῶν
493 3826 623 3909 γεροίνιον
647 3826 670 3887 τ’
694 3825 806 3889 ἐκεῖθεν
828 3824 990 3910 ἀναχωρῶν
1011 3827 1097 3889 ποίλιν

293 3934 379 3996 ’ἀνθ’
399 3933 523 4020 ἕρματος
545 3934 659 4002 πολλὰς
681 3936 903 4002 καταπεπωκὼς
925 3935 1014 4004 δίκας.
1130 3927 1131 3930 “

267 4086 478 4163 Quadeoausa
500 4108 595 4170 grues
617 4088 743 4171 lapides
758 4108 865 4152 secum
881 4094 1010 4170 portare
1026 4087 1157 4168 soleant,
1178 4087 1267 4152 varie

165 4196 320 4278 traditum
337 4196 526 4261 scholiastes
545 4198 628 4262 enim
644 4198 737 4261 dicit:
761 4197 902 4264 πολλάκις
916 4195 963 4258 καὶ
978 4195 1168 4279 στηρίγματος
1182 4194 1267 4258 ἕνεκα

165 4305 352 4390 περιφέρουσι
375 4305 474 4373 λίθους
495 4305 524 4367 αἱ
545 4304 658 4389 γέρανοι
681 4310 751 4390 πρὸς
773 4305 806 4368 τὸ
830 4307 870 4390 μη
894 4304 1120 4390 παραφέρεσθαι
1141 4303 1266 4389 ἀνέμοις.

166 4414 321 4481 Similiter
343 4414 466 4500 Vergil,
489 4435 599 4499 georg.
622 4414 731 4498 4‚194:
