3100 4974
644 297 763 361 'tt

296 503 436 568 Similem
459 501 676 584 metaphoram
698 500 859 582 vulgarem
884 506 1109 562 commemorat
1130 496 1246 562 Suidas
1268 517 1292 563 s.

194 634 225 676 v.
247 613 445 695 παραλοῦμοιι;
468 612 679 691 παροιμιακῶς·
703 608 846 670 εἰώθεσαν
867 605 921 688 γὰρ
936 604 1074 688 πρότερον
1090 605 1192 673 ἐντοῖς
1207 607 1294 689 βαλα·

194 721 276 788 νείοις
287 721 313 781 οἱ
324 715 847 801 πλούσιοιπαραλούειντούςπένητας.
861 711 1181 799 ιΑριστομ.’Ανοιγύριρτ
1197 713 1294 794 „citt

194 831 302 897 πάντας
316 828 373 912 χρὴ
395 827 639 907 παραλοῦοθαι
661 826 789 894 καὶτοὺς
810 824 952 908 σπύγγους
967 826 1026 891 ἐᾶν.
1050 826 1090 890 ci.
1104 825 1208 908 irgmt.
1224 823 1293 888 150.

295 937 486 1001 Accedimus
505 936 546 1000 ad
568 937 768 1016 locutionem,
791 957 884 1018 quam
900 936 960 1000 etsi
977 955 1080 1019 neque
1102 935 1294 1000 scholiastae

194 1065 297 1128 neque
319 1045 599 1130 paroemiographi
625 1065 728 1126 neque
755 1045 978 1128 lexicographi
1005 1053 1039 1108 nt
1061 1043 1294 1129 proverbialem
1386 1100 1388 1105 .

195 1155 389 1235 notaverint,
439 1164 546 1220 tamen
588 1153 752 1237 proverbii
797 1153 902 1216 locum
939 1154 1114 1217 obtinuisse
1149 1152 1298 1234 equidem

195 1265 352 1330 existimo.
395 1263 477 1327 Dico
500 1263 705 1343 locutionem,
733 1283 826 1344 quam
848 1262 880 1325 in
903 1263 976 1343 Lys.
999 1260 1293 1345 443-41egimus:

395 1369 511 1455 εἴτᾶρα
533 1372 567 1453 νὴ
593 1370 643 1453 τήν
669 1368 834 1454 Φωσφόρον
857 1371 908 1454 τὴν
930 1372 1002 1455 χεῖρ’
1025 1369 1114 1452 ἄκραν

395 1479 487 1563 ταύτῃ
511 1481 681 1562 προσούσοις,
703 1478 837 1541 κύαθον
860 1478 1011 1562 αἰτήσεις
1032 1481 1134 1563 τάχα.

198 1589 285 1666 Quae
321 1592 419 1655 verba
449 1590 614 1653 mulierum
647 1610 708 1653 una
729 1589 870 1672 loquitur
891 1589 923 1650 in
945 1589 1028 1668 rixa,
1061 1608 1143 1671 qnae
1170 1588 1199 1651 ci
1225 1608 1295 1650 cum

196 1718 271 1763 senc
298 1707 380 1780 erat,
412 1720 504 1782 quem
538 1706 633 1782 poeta
656 1695 824 1780 Πρόβουλος
857 1696 1043 1781 appellavit.
1087 1697 1294 1759 Locutionem

195 1806 305 1869 κύαθον
325 1807 449 1891 αἰτήσεις
471 1809 548 1892 τύχα
564 1807 704 1891 explicat
720 1807 909 1871 scholiastes
930 1828 1002 1890 per:
1024 1803 1068 1866 ἵνα
1091 1803 1220 1887 προςθῇς
1236 1807 1297 1871 ταῖς

195 1916 310 1996 γνάθοις
332 1915 390 1998 (sc.
412 1916 550 1999 κύαθον)·
573 1915 664 1983 οὕτως
687 1915 884 1998 ύπιοπιοθήσγγ
907 1915 954 1998 ὑφ’
975 1915 1074 1998 ἡμῶν·
1101 1912 1220 1995 γέμουσι
1240 1910 1295 1995 γὰρ

195 2026 304 2087 κύαθον
337 2028 457 2109 θερμοῦ,
491 2025 537 2088 καὶ
559 2027 760 2106 προςκολλιῖνσι
781 2029 839 2092 τοῖς
862 2024 998 2108 οἰδήμασι
1023 2024 1069 2085 καὶ
1096 2022 1295 2105 θεραπεύεται.

197 2134 320 2201 Similia
347 2142 419 2199 sunt
449 2136 482 2199 in
514 2156 584 2219 pac.
607 2132 681 2196 542:
717 2134 835 2200 κυάθοις
856 2132 1062 2216 προςκείμεναι,
1091 2153 1172 2215 quae
1196 2132 1297 2196 verba

196 2243 281 2308 idem
304 2243 487 2326 significant
508 2254 602 2327 atque
626 2263 708 2327 quae
729 2243 874 2327 proximo
897 2262 993 2306 vorsu
1015 2250 1109 2325 antea
1137 2242 1296 2305 continen-

196 2359 260 2416 tur:
295 2354 448 2436 δαιμονίως
474 2352 702 2436 ὑπωπιασμέναι.
746 2352 846 2429 Quam
879 2352 1084 2432 locutionem,
1118 2370 1296 2433 quanquam

196 2462 283 2526 nullo
306 2469 448 2527 veterum
471 2462 652 2526 testimonio
680 2463 830 2526 doeemur
852 2461 950 2525 fuisse
982 2461 1157 2542 vulgarem,
1191 2465 1296 2523 tamon

196 2571 354 2635 hocloco
376 2571 503 2636 silentio
527 2572 703 2656 praeterire
725 2592 789 2635 non
817 2570 919 2654 potui,
954 2591 1023 2633 cum
1059 2569 1135 2632 milri
1164 2567 1296 2651 ¹quidem

199 2701 314 2764 magna
335 2682 498 2765 proverbii
521 2681 647 2762 species
670 2681 699 2744 ei
721 2681 827 2744 inesse
848 2680 1003 2743 rideatur.

298 2790 370 2854 Ηοο
400 2791 473 2854 loco
506 2789 710 2871 proverbium
742 2789 857 2852 afferre
890 2788 964 2853 mihi
998 2788 1107 2868 liceat,
1141 2785 1225 2868 quod
1248 2790 1297 2848 est

203 2901 356 2979 πρωκτὸς
379 2899 528 2979 λουτροῦ
549 2897 796 2979 περιγίγνεται,
820 2897 859 2961 de
882 2918 944 2980 quo
959 2918 1041 2980 quae
1056 2894 1208 2960 RohdeW.
1230 2893 1251 2956 l.
1269 2913 1296 2955 c.

203 3006 374 3091 disputavit
396 3006 633 3091 comprobanda
655 3013 740 3071 sunt:
777 3007 999 3090 „proverbium
1032 3009 1072 3070 ab
1095 3006 1142 3071 eis
1164 3004 1297 3088 petitum

200 3098 260 3194 est,
291 3117 344 3199 qui
372 3117 437 3179 alvi
456 3115 614 3200 profluvio
637 3115 785 3180 laborant
807 3124 839 3179 ct
861 3135 990 3198 operam
1016 3115 1152 3200 perdunt
1173 3116 1206 3177 in
1228 3132 1298 3194 pur-

198 3226 318 3308 gando,
351 3227 397 3289 ita
429 3231 464 3289 ut
496 3224 602 3309 podex
623 3224 774 3288 lotionem
798 3225 914 3304 vincat,
949 3225 1002 3306 qui
1022 3224 1055 3287 in
1076 3225 1140 3287 ista
1160 3221 1298 3285 victoria

198 3333 269 3418 ipse
288 3334 456 3397 maximum
472 3333 553 3397 facit
575 3333 804 3416 detrimentum,
828 3335 955 3398 scilicet
967 3333 1070 3415 magis
1092 3331 1298 3396 immunditiis

199 3443 364 3524 magisque
386 3444 568 3526 inquinatus
591 3451 623 3507 et
648 3445 808 3507 obtectus:
833 3443 1036 3527 proverbium
1061 3447 1149 3505 recte
1172 3448 1205 3504 ct
1225 3440 1299 3503 ridi·

199 3552 273 3614 cnla
288 3553 528 3633 comparatione
543 3552 574 3613 in
592 3572 699 3617 omnes
717 3552 781 3616 dici
797 3559 933 3636 poterat,
957 3552 1011 3635 qui
1027 3552 1168 3633 ipsorum
1184 3550 1297 3612 damno

200 3661 232 3724 in
254 3680 289 3724 re
310 3661 416 3724 inutili
443 3660 617 3724 vincerent.
661 3661 767 3739 Quare
801 3682 883 3745 quae
915 3662 948 3725 in
984 3681 1069 3743 vesp.
1103 3658 1166 3721 604
1186 3657 1299 3740 Bdely·

142 3787 144 3790 ’
200 3769 291 3833 cleon
314 3770 398 3853 patri
421 3769 461 3833 de
482 3770 616 3851 imperio
640 3791 697 3833 suo
719 3771 921 3853 praedicanti
943 3771 1149 3834 vaticinatur:

242 3875 377 3961 ἔμπλησο
400 3877 508 3960 λέγων’
532 3879 647 3946 πάντως
667 3881 723 3960 γάρ
746 3901 790 3941 τοι
812 3879 916 3941 παύσει
936 3879 1006 3941 ποτὲ
1028 3877 1223 3960 κάναφανήσει

241 3986 376 4069 πρωκτὸς
399 3989 522 4071 λουτροῦ
544 3986 771 4070 περιγιγνόμενος
792 3993 843 4069 τῆς
865 3988 958 4072 ἀρχῆς
981 3993 1032 4070 τῆς
1053 3986 1238 4070 περισέμνου·

200 4094 232 4158 in
255 4096 336 4159 hane
360 4098 548 4161 sententiam
572 4097 760 4181 accipienda
784 4105 867 4161 sunt:
892 4096 1038 4181 profecto
1062 4096 1138 4159 nihil
1160 4096 1300 4160 verbosa

143 4259 148 4266 .
200 4216 256 4271 tua
278 4205 495 4288 disputatione
517 4207 723 4289 consequeris
746 4207 809 4270 nisi
831 4207 915 4270 idem
948 4206 1033 4289 quod
1066 4202 1212 4285 πρωκτός,
1245 4204 1299 4286 qui

201 4315 352 4380 lotionem
396 4315 541 4381 vicerit.“
602 4316 700 4392 Quam
743 4316 1038 4398 interpretationem
1074 4312 1227 4377 Rohdew.
1262 4332 1301 4376 ex

203 4424 333 4489 scholiis
356 4423 448 4488 adh.
472 4423 492 4487 l.
518 4424 673 4489 exhausit.
718 4423 872 4490 Similiter
893 4424 932 4487 de
954 4424 1126 4506 proverbio
1150 4421 1248 4502 Diog.⁴
1259 4420 1299 4484 V.
