3100 4974
702 316 741 379 37

619 402 820 417 -n——nd--u-q

170 518 200 580 ἐν
217 514 339 602 Ἐφέσῳ
361 517 395 580 δὲ
416 518 561 603 Λάκωνες,
582 541 642 605 ριν)
663 520 773 585 verbis
795 518 829 582 δὲ
847 519 985 586 Λάκωνες
1006 518 1175 601 legendum
1197 537 1269 585 csse

168 629 195 689 δ’
217 627 390 711 ἀλώπεκας,
423 649 493 691 cum
515 630 589 693 voci
618 629 732 697 λέοντες
758 650 822 693 non
845 628 994 707 Λάκωνες,
1028 627 1085 691 sed
1118 625 1270 718 ἀλώπεκες

168 737 350 822 oppositum
372 738 427 817 sit,
456 745 605 822 apparet;
638 759 732 820 quam
755 737 1007 802 emendationem
1028 736 1269 819 comprobatam

166 846 277 910 inveni
298 867 318 910 a
336 842 512 911 Lentscbio
535 847 567 909 in
590 847 710 917 adnott.
733 846 774 909 ad
796 845 834 910 G.
858 846 893 909 C.
917 846 960 910 M.
985 844 1012 927 1,
1034 842 1084 907 83.
1129 843 1268 908 Comme·

166 967 292 1019 morant
313 955 374 1019 hoc
397 956 600 1039 proverbium
623 956 746 1019 Aelian.
774 976 840 1017 var.
868 955 941 1018 hist.
963 946 1054 1035 XIII,
1076 952 1106 1018 9.
1139 953 1165 1014 οἱ
1187 953 1212 1015 δ’
1235 950 1269 1016 ἐκ

165 1068 219 1145 τῆς
237 1059 383 1132 Ἑλλάδας
412 1044 536 1132 λέοντεςΙ
552 1062 588 1131 ,ἐν
610 1059 731 1147 Ἐφέσῳ
761 1059 906 1144 γεγόνασιν
940 1062 1092 1130 ἀλώπεκες
1125 1069 1158 1127 et
1183 1062 1267 1127 Plut.

165 1175 199 1236 in
222 1193 361 1255 compar.
385 1174 459 1255 LyS.
483 1194 509 1238 ο.
534 1172 636 1239 Sulla:
659 1170 729 1234 οἴκοι
752 1169 875 1253 λέοντες,
898 1171 927 1233 ἐν
950 1171 1082 1254 ὑπαίθρῳ
1106 1171 1268 1237 ἀλώπεκες,

164 1281 260 1345 Hanc
282 1283 476 1346 locutionem
491 1281 713 1366 pervulgatam
728 1280 827 1345 fuisse
842 1301 905 1343 non
924 1287 974 1344 est
988 1260 1172 1362 mirandum,
1196 1300 1268 1344 cum

163 1390 413 1455 Lacedaemonii
445 1400 579 1476 propter
610 1411 677 1455 rem
705 1391 872 1462 militarem
901 1396 997 1472 atque
1023 1390 1158 1472 gloriam
1180 1390 1266 1454 bello

163 1506 309 1584 paratam
333 1520 368 1564 se
385 1479 549 1583 jactarent
571 1506 667 1584 atque
690 1482 901 1580 ostentarent3
935 1497 975 1561 cf.
999 1497 1036 1562 Ο.
1060 1499 1184 1580 Mdller‚
1214 1499 1267 1564 die

162 1609 289 1688 Dorier,
311 1609 335 1689 Ι,
361 1594 434 1690 198,
460 1618 656 1694 quapropter
677 1626 777 1690 saepe
799 1607 918 1671 derisui
939 1605 1078 1689 fuerunt,
1112 1608 1210 1673 veluti
1232 1610 1266 1672 in

162 1718 237 1801 Lys.
261 1715 349 1783 2762-
653 1706 657 1713 ⁸
860 1714 863 1721 ⁴

314 1821 485 1909 Κλεομένης
507 1876 515 1890 .
537 1876 544 1892 ,
568 1875 574 1889 .
599 1875 606 1888 .
629 1824 695 1887 ἀλλ’
719 1823 800 1905 ὅμως
821 1820 985 1889 Λακωνικὸν
1007 1823 1060 1886 ιτνέ
1087 1848 1101 1887 ν

314 1932 414 2020 ῳ’χετα
436 1934 544 1998 θῶπλα
566 1932 714 2015 παραδοὺς
736 1931 809 2017 ἐμοί.

264 2066 385 2133 Perfidi
406 2070 553 2134 dicuntur
572 2068 822 2133 Lacedaemonii
843 2069 876 2132 in
899 2068 973 2151 hya.
994 2066 1070 2131 629:

664 2185 798 2268 ἀνδράσιν
820 2187 994 2253 Λακωνικοῖς

263 2372 265 2375 Υ
363 2295 405 2363 οἷς
427 2294 526 2357 πιστὸν
549 2293 634 2359 οὐδὲν
656 2294 682 2356 εἰ
704 2294 743 2377 μή
766 2316 820 2378 περ
843 2294 924 2378 λύκῳ
946 2292 1088 2379 κεχηνότι,
1112 2300 1113 2303 ’

163 2430 204 2493 de
226 2450 290 2513 qna
310 2429 472 2495 locutione
489 2430 559 2513 jam
582 2448 679 2512 supra
705 2428 899 2511 disputatum
925 2439 984 2496 est
1027 2430 1100 2495 Non
1122 2428 1264 2494 omitten-

163 2538 237 2601 dum
271 2551 332 2619 est,
365 2540 445 2604 baec
466 2543 566 2605 verba
586 2543 627 2604 ab
652 2542 867 2624 Aristophane
900 2541 988 2605 dicta
1019 2558 1104 2618 esse,
1137 2536 1265 2622 patriae

162 2647 390 2730 amantissimo,
413 2651 569 2715 acerrimo
592 2650 916 2717 Lacedaemoniorum
938 2649 1039 2736 hoste.

264 2755 413 2822 Obscena
428 2765 478 2822 est
496 2758 624 2838 locutio,
644 2780 738 2843 qnam
753 2760 786 2823 in
800 2758 898 2822 Arist.
916 2756 1020 2838 irgmt.
1036 2752 1098 2821 322
1115 2754 1263 2845 legimus:

167 2865 340 2950 λακωνίζειν,
364 2865 405 2929 cf.
428 2866 520 2930 Phot.
537 2888 567 2950 p.
583 2865 654 2949 204,
672 2867 711 2930 10
734 2875 766 2933 ct
788 2867 885 2947 Suid,
909 2867 1000 2949 cujus
1021 2865 1114 2928 verbi
1136 2863 1265 2927 mentio·

169 2992 237 3036 nom
257 2996 318 3039 non
340 2974 571 3056 facerem„nisi
592 2996 631 3040 eo
653 2977 764 3040 vitium
787 2974 1028 3058 significaretur,
1052 2995 1113 3056 quo
1135 2979 1265 3055 praeter

165 3081 245 3146 alias
260 3106 263 3112 ·
277 3091 388 3166 gentes
421 3085 516 3149 etiam
549 3084 797 3149 Lacedaemonii
836 3085 942 3150 affecti
976 3084 1076 3161 fuisse
1105 3081 1263 3146 videntur.

162 3191 257 3274 Piget
278 3193 386 3275 legere
409 3214 492 3277 quae
509 3192 624 3259 Suidas
647 3193 689 3257 ad
711 3194 842 3258 verbum
858 3194 1026 3265 λακωνίζειν
1042 3192 1264 3275 explicandum

160 3304 308 3385 praebet:
330 3305 467 3370 παιδικοῖς
489 3302 625 3387 χρῆσθαι,
648 3302 733 3386 qnod
757 3303 840 3368 idem
862 3305 975 3388 Apost.
997 3302 1039 3382 Χ,
1060 3296 1101 3363 42
1123 3300 1231 3365 refert.

262 3410 335 3477 Jam
363 3412 461 3477 multo
484 3412 674 3476 obscenior-e
695 3412 774 3476 vitio
803 3412 972 3476 laborasse
993 3410 1129 3475 Lesbios
1151 3430 1263 3474 memo·

158 3518 229 3582 riae
251 3520 402 3585 traditum
424 3529 482 3585 est.
526 3521 564 3584 In
587 3541 674 3603 vesp.
699 3519 916 3602 receperim
938 3521 1072 3603 legimus

363 3653 433 3737 ὁρᾷς
455 3653 514 3734 ἐγὼ
536 3656 561 3716 o’
584 3656 626 3721 ὡς
647 3654 745 3723 δεξιῶς
767 3653 927 3738 ὑφειλόμην

363 3761 527 3844 μέλλουσαν
548 3760 606 3845 ἤδη
630 3763 751 3847 λεαβιεῖν
771 3766 830 3829 τοῖς
851 3759 1015 3844 ξυμπὸταις,

159 3915 245 3978 quae
266 3897 365 3961 verba
380 3895 569 3961 Philocleon
591 3895 632 3959 ad
653 3901 793 3959 scortum
811 3916 984 3960 conversus
1007 3878 1162 3978 loquitur,¹
1178 3894 1263 3977 quod

160 4024 202 4068 ex
235 4006 382 4068 convivio
415 4005 543 4070 rediens
577 4025 683 4070 secum
716 4006 859 4070 duxerat.
906 4004 1112 4088 significatur
1142 4007 1262 4086 vitium,

160 4114 213 4177 cui
236 4116 330 4198 primi
349 4115 459 4178 Lesbii
486 4115 586 4179 dediti
613 4114 711 4179 fuisse
739 4115 900 4198 dicuntum
935 4105 1027 4198 qnam
1060 4118 1101 4179 ob
1134 4136 1262 4180 cansam

162 4225 291 4287 verbnm
315 4224 436 4308 λεεβιεῐν
458 4224 560 4288 decis
576 4225 608 4287 in
624 4245 682 4288 usu
699 4230 775 4305 erat,
800 4224 854 4307 qni
880 4226 913 4287 in
928 4225 1012 4289 idem
1026 4226 1138 4290 vitium
1155 4234 1263 4290 essent

160 4332 300 4416 delapsi,
333 4342 368 4397 ut
394 4332 584 4397 scholiastes
607 4334 760 4418 explicat:
795 4337 828 4396 τὸ
852 4334 1043 4420 lactationi
1065 4337 1115 4397 τοῦ
1138 4334 1262 4419 αἰσχροῦ

160 4441 301 4525 τάττεται,
326 4442 426 4525 ἐπειδὴ
449 4443 475 4506 οἱ
489 4441 601 4530 Λέσβιοι
615 4445 838 4529 αἰσχραυρηαῦαι
859 4447 902 4527 τῷ
923 4440 1042 4526 στόματι
1063 4441 1261 4529 μολυνόρενοι.
