<?xml version="1.0" encoding="UTF-8"?>
<!DOCTYPE html PUBLIC "-//W3C//DTD XHTML 1.0 Transitional//EN"
    "http://www.w3.org/TR/xhtml1/DTD/xhtml1-transitional.dtd">
<html xmlns="http://www.w3.org/1999/xhtml" xml:lang="en" lang="en">
 <head>
  <title>
</title>
<meta http-equiv="Content-Type" content="text/html;charset=utf-8" />
  <meta name='ocr-system' content='tesseract 3.04.00' />
  <meta name='ocr-capabilities' content='ocr_page ocr_carea ocr_par ocr_line ocrx_word'/>
</head>
<body>
  <div class='ocr_page' id='page_1' title='image "./deproverbiisali01baucgoog_0086.png"; bbox 0 0 3100 4974; ppageno 0'>
   <div class='ocr_carea' id='block_1_1' title="bbox 199 472 1306 2191">
    <p class='ocr_par' dir='ltr' id='par_1_1' title="bbox 200 472 1302 1319">
     <span class='ocr_line' id='line_1_1' title="bbox 202 472 1299 558; baseline 0.005 -24"><span class='ocrx_word' id='word_1_1' title='bbox 202 472 321 553; x_wconf 87' lang='lat' dir='ltr'>inveni;</span> <span class='ocrx_word' id='word_1_2' title='bbox 343 492 446 556; x_wconf 89' lang='lat' dir='ltr'>neque</span> <span class='ocrx_word' id='word_1_3' title='bbox 469 493 528 555; x_wconf 87' lang='lat' dir='ltr'>ego</span> <span class='ocrx_word' id='word_1_4' title='bbox 550 472 782 538; x_wconf 78' lang='lat' dir='ltr'>Dicaearchum</span> <span class='ocrx_word' id='word_1_5' title='bbox 805 493 928 556; x_wconf 89' lang='lat' dir='ltr'>sequor,</span> <span class='ocrx_word' id='word_1_6' title='bbox 951 473 1093 538; x_wconf 85' lang='lat' dir='ltr'>sedeam</span> <span class='ocrx_word' id='word_1_7' title='bbox 1115 475 1299 558; x_wconf 85' lang='lat' dir='ltr'>comprobo,</span> 
     </span>
     <span class='ocr_line' id='line_1_2' title="bbox 202 580 1300 666; baseline 0.003 -22"><span class='ocrx_word' id='word_1_8' title='bbox 202 600 294 663; x_wconf 89' lang='lat' dir='ltr'>quam</span> <span class='ocrx_word' id='word_1_9' title='bbox 315 582 594 666; x_wconf 83' lang='lat' dir='ltr'>paroemiographi</span> <span class='ocrx_word' id='word_1_10' title='bbox 624 589 656 645; x_wconf 94' lang='lat' dir='ltr'>et</span> <span class='ocrx_word' id='word_1_11' title='bbox 677 583 799 646; x_wconf 77' lang='lat' dir='ltr'>Erasm.</span> <span class='ocrx_word' id='word_1_12' title='bbox 826 603 857 665; x_wconf 91' lang='lat' dir='ltr'>p.</span> <span class='ocrx_word' id='word_1_13' title='bbox 883 580 940 644; x_wconf 76' lang='lat'>157</span> <span class='ocrx_word' id='word_1_14' title='bbox 964 585 1132 665; x_wconf 75' lang='lat' dir='ltr'>praebent,</span> <span class='ocrx_word' id='word_1_15' title='bbox 1165 585 1219 666; x_wconf 89' lang='lat' dir='ltr'>qui</span> <span class='ocrx_word' id='word_1_16' title='bbox 1252 584 1300 648; x_wconf 88' lang='lat' dir='ltr'>sic</span> 
     </span>
     <span class='ocr_line' id='line_1_3' title="bbox 202 690 1301 776; baseline 0.004 -23"><span class='ocrx_word' id='word_1_17' title='bbox 202 690 241 754; x_wconf 90' lang='lat' dir='ltr'>de</span> <span class='ocrx_word' id='word_1_18' title='bbox 262 691 323 755; x_wconf 91' lang='lat' dir='ltr'>hoo</span> <span class='ocrx_word' id='word_1_19' title='bbox 346 692 518 774; x_wconf 88' lang='lat' dir='ltr'>proverbio</span> <span class='ocrx_word' id='word_1_20' title='bbox 542 691 704 756; x_wconf 83' lang='lat' dir='ltr'>disseruit:</span> <span class='ocrx_word' id='word_1_21' title='bbox 730 692 789 767; x_wconf 83' lang='lat' dir='ltr'>,de</span> <span class='ocrx_word' id='word_1_22' title='bbox 811 693 858 756; x_wconf 87' lang='lat' dir='ltr'>eis</span> <span class='ocrx_word' id='word_1_23' title='bbox 881 692 939 773; x_wconf 87' lang='lat' dir='ltr'>(sc.</span> <span class='ocrx_word' id='word_1_24' title='bbox 962 691 1080 755; x_wconf 88' lang='lat' dir='ltr'>dictum</span> <span class='ocrx_word' id='word_1_25' title='bbox 1104 700 1153 757; x_wconf 88' lang='lat' dir='ltr'>est</span> <span class='ocrx_word' id='word_1_26' title='bbox 1173 713 1301 776; x_wconf 90' lang='lat' dir='ltr'>prover·</span> 
     </span>
     <span class='ocr_line' id='line_1_4' title="bbox 200 797 1302 885; baseline 0.003 -22"><span class='ocrx_word' id='word_1_27' title='bbox 200 797 299 882; x_wconf 90' lang='lat' dir='ltr'>bium)</span> <span class='ocrx_word' id='word_1_28' title='bbox 334 802 387 882; x_wconf 93' lang='lat' dir='ltr'>qui</span> <span class='ocrx_word' id='word_1_29' title='bbox 420 801 564 883; x_wconf 88' lang='lat' dir='ltr'>protinus</span> <span class='ocrx_word' id='word_1_30' title='bbox 590 801 734 865; x_wconf 82' lang='lat' dir='ltr'>maximis</span> <span class='ocrx_word' id='word_1_31' title='bbox 762 802 795 864; x_wconf 94' lang='lat' dir='ltr'>in</span> <span class='ocrx_word' id='word_1_32' title='bbox 823 803 919 864; x_wconf 89' lang='lat' dir='ltr'>rebus</span> <span class='ocrx_word' id='word_1_33' title='bbox 949 800 1077 864; x_wconf 87' lang='lat' dir='ltr'>artificii</span> <span class='ocrx_word' id='word_1_34' title='bbox 1100 802 1150 864; x_wconf 87' lang='lat' dir='ltr'>sui</span> <span class='ocrx_word' id='word_1_35' title='bbox 1172 801 1302 885; x_wconf 87' lang='lat' dir='ltr'>capiunt</span> 
     </span>
     <span class='ocr_line' id='line_1_5' title="bbox 201 909 1301 994; baseline 0 -21"><span class='ocrx_word' id='word_1_36' title='bbox 201 909 457 990; x_wconf 77' lang='lat' dir='ltr'>experimentum,</span> <span class='ocrx_word' id='word_1_37' title='bbox 481 930 551 973; x_wconf 88' lang='lat' dir='ltr'>cum</span> <span class='ocrx_word' id='word_1_38' title='bbox 573 911 725 993; x_wconf 88' lang='lat' dir='ltr'>paulatim</span> <span class='ocrx_word' id='word_1_39' title='bbox 748 932 767 973; x_wconf 88' lang='lat' dir='ltr'>a</span> <span class='ocrx_word' id='word_1_40' title='bbox 790 911 917 974; x_wconf 89' lang='lat' dir='ltr'>minutis</span> <span class='ocrx_word' id='word_1_41' title='bbox 933 910 974 973; x_wconf 89' lang='lat' dir='ltr'>ad</span> <span class='ocrx_word' id='word_1_42' title='bbox 997 929 1116 972; x_wconf 88' lang='lat' dir='ltr'>summa</span> <span class='ocrx_word' id='word_1_43' title='bbox 1137 910 1301 994; x_wconf 83' lang='lat' dir='ltr'>proficisci</span> 
     </span>
     <span class='ocr_line' id='line_1_6' title="bbox 201 1017 1301 1101; baseline 0.002 -22"><span class='ocrx_word' id='word_1_44' title='bbox 201 1018 379 1082; x_wconf 87' lang='lat' dir='ltr'>conveniat.</span> <span class='ocrx_word' id='word_1_45' title='bbox 423 1017 535 1100; x_wconf 81' lang='lat' dir='ltr'>Neque</span> <span class='ocrx_word' id='word_1_46' title='bbox 558 1020 640 1083; x_wconf 91' lang='lat' dir='ltr'>enim</span> <span class='ocrx_word' id='word_1_47' title='bbox 663 1018 779 1101; x_wconf 88' lang='lat' dir='ltr'>figulus</span> <span class='ocrx_word' id='word_1_48' title='bbox 802 1020 909 1081; x_wconf 88' lang='lat' dir='ltr'>statim</span> <span class='ocrx_word' id='word_1_49' title='bbox 931 1039 948 1083; x_wconf 92' lang='lat' dir='ltr'>e</span> <span class='ocrx_word' id='word_1_50' title='bbox 971 1019 1070 1096; x_wconf 91' lang='lat' dir='ltr'>dolio,</span> <span class='ocrx_word' id='word_1_51' title='bbox 1099 1018 1131 1081; x_wconf 88' lang='lat' dir='ltr'>id</span> <span class='ocrx_word' id='word_1_52' title='bbox 1153 1028 1203 1082; x_wconf 86' lang='lat' dir='ltr'>est</span> <span class='ocrx_word' id='word_1_53' title='bbox 1223 1038 1301 1082; x_wconf 82' lang='lat' dir='ltr'>vase</span> 
     </span>
     <span class='ocr_line' id='line_1_7' title="bbox 200 1127 1300 1210; baseline 0.002 -21"><span class='ocrx_word' id='word_1_54' title='bbox 200 1127 336 1191; x_wconf 79' lang='lat' dir='ltr'>maximo</span> <span class='ocrx_word' id='word_1_55' title='bbox 359 1135 459 1191; x_wconf 87' lang='lat' dir='ltr'>artem</span> <span class='ocrx_word' id='word_1_56' title='bbox 481 1127 677 1210; x_wconf 80' lang='lat' dir='ltr'>auspicatur,</span> <span class='ocrx_word' id='word_1_57' title='bbox 700 1128 756 1191; x_wconf 90' lang='lat' dir='ltr'>sed</span> <span class='ocrx_word' id='word_1_58' title='bbox 772 1149 791 1192; x_wconf 88' lang='lat' dir='ltr'>a</span> <span class='ocrx_word' id='word_1_59' title='bbox 809 1127 934 1210; x_wconf 80' lang='lat' dir='ltr'>pusillis</span> <span class='ocrx_word' id='word_1_60' title='bbox 951 1128 1138 1210; x_wconf 88' lang='lat' dir='ltr'>quibusdam</span> <span class='ocrx_word' id='word_1_61' title='bbox 1152 1128 1300 1209; x_wconf 87' lang='lat' dir='ltr'>vasculis,</span> 
     </span>
     <span class='ocr_line' id='line_1_8' title="bbox 200 1235 1300 1319; baseline 0.001 -22"><span class='ocrx_word' id='word_1_62' title='bbox 200 1235 362 1317; x_wconf 88' lang='lat' dir='ltr'>inquibus</span> <span class='ocrx_word' id='word_1_63' title='bbox 385 1257 447 1299; x_wconf 92' lang='lat' dir='ltr'>uon</span> <span class='ocrx_word' id='word_1_64' title='bbox 470 1237 512 1300; x_wconf 89' lang='lat' dir='ltr'>sit</span> <span class='ocrx_word' id='word_1_65' title='bbox 528 1257 633 1318; x_wconf 51' lang='lat' dir='ltr'>,grave</span> <span class='ocrx_word' id='word_1_66' title='bbox 649 1237 857 1319; x_wconf 81' lang='lat' dir='ltr'>dispendium,</span> <span class='ocrx_word' id='word_1_67' title='bbox 881 1237 908 1299; x_wconf 89' lang='lat' dir='ltr'>si</span> <span class='ocrx_word' id='word_1_68' title='bbox 931 1236 1007 1318; x_wconf 92' lang='lat' dir='ltr'>quid</span> <span class='ocrx_word' id='word_1_69' title='bbox 1029 1256 1121 1300; x_wconf 88' lang='lat' dir='ltr'>secus</span> <span class='ocrx_word' id='word_1_70' title='bbox 1144 1235 1300 1299; x_wconf 83' lang='lat' dir='ltr'>accidat.“</span> 
     </span>
    </p>

    <p class='ocr_par' dir='ltr' id='par_1_2' title="bbox 199 1345 1306 2191">
     <span class='ocr_line' id='line_1_9' title="bbox 299 1345 1300 1428; baseline 0.001 -21"><span class='ocrx_word' id='word_1_71' title='bbox 299 1346 372 1408; x_wconf 83' lang='lat' dir='ltr'>Jam</span> <span class='ocrx_word' id='word_1_72' title='bbox 389 1367 470 1428; x_wconf 90' lang='lat' dir='ltr'>quae</span> <span class='ocrx_word' id='word_1_73' title='bbox 485 1347 533 1409; x_wconf 90' lang='lat' dir='ltr'>vis</span> <span class='ocrx_word' id='word_1_74' title='bbox 548 1346 762 1410; x_wconf 87' lang='lat' dir='ltr'>locutionibus</span> <span class='ocrx_word' id='word_1_75' title='bbox 785 1346 891 1406; x_wconf 75' lang='grc' dir='ltr'>ἀσκὸν</span> <span class='ocrx_word' id='word_1_76' title='bbox 914 1345 1042 1427; x_wconf 79' lang='grc' dir='ltr'>δείρειν</span> <span class='ocrx_word' id='word_1_77' title='bbox 1064 1345 1157 1425; x_wconf 69' lang='lat' dir='ltr'>rauci,</span> <span class='ocrx_word' id='word_1_78' title='bbox 1180 1345 1212 1407; x_wconf 94' lang='lat' dir='ltr'>in</span> <span class='ocrx_word' id='word_1_79' title='bbox 1228 1347 1300 1408; x_wconf 89' lang='lat' dir='ltr'>nub.</span> 
     </span>
     <span class='ocr_line' id='line_1_10' title="bbox 199 1451 1301 1538; baseline 0 -25"><span class='ocrx_word' id='word_1_80' title='bbox 199 1451 271 1516; x_wconf 79' lang='lat'>442.</span> <span class='ocrx_word' id='word_1_81' title='bbox 305 1453 359 1536; x_wconf 86' lang='lat' dir='ltr'>(of.</span> <span class='ocrx_word' id='word_1_82' title='bbox 383 1456 492 1519; x_wconf 84' lang='lat' dir='ltr'>Solon.</span> <span class='ocrx_word' id='word_1_83' title='bbox 516 1453 586 1535; x_wconf 75' lang='lat' dir='ltr'>33,ss</span> <span class='ocrx_word' id='word_1_84' title='bbox 614 1476 665 1538; x_wconf 91' lang='lat' dir='ltr'>ap.</span> <span class='ocrx_word' id='word_1_85' title='bbox 689 1455 807 1536; x_wconf 85' lang='lat' dir='ltr'>Bergk.</span> <span class='ocrx_word' id='word_1_86' title='bbox 836 1475 865 1538; x_wconf 90' lang='lat' dir='ltr'>p.</span> <span class='ocrx_word' id='word_1_87' title='bbox 887 1454 946 1537; x_wconf 88' lang='lat' dir='ltr'>lyr.</span> <span class='ocrx_word' id='word_1_88' title='bbox 970 1453 1047 1536; x_wconf 77' lang='lat' dir='ltr'>gn),</span> <span class='ocrx_word' id='word_1_89' title='bbox 1082 1462 1114 1517; x_wconf 87' lang='lat' dir='ltr'>et</span> <span class='ocrx_word' id='word_1_90' title='bbox 1147 1456 1301 1536; x_wconf 74' lang='grc' dir='ltr'>πονηροῦ</span> 
     </span>
     <span class='ocr_line' id='line_1_11' title="bbox 200 1557 1301 1645; baseline 0.004 -24"><span class='ocrx_word' id='word_1_91' title='bbox 200 1557 379 1644; x_wconf 85' lang='grc' dir='ltr'>κόμματος</span> <span class='ocrx_word' id='word_1_92' title='bbox 401 1561 488 1625; x_wconf 72' lang='grc' dir='ltr'>εἶναι</span> <span class='ocrx_word' id='word_1_93' title='bbox 508 1564 541 1626; x_wconf 94' lang='lat' dir='ltr'>in</span> <span class='ocrx_word' id='word_1_94' title='bbox 563 1563 641 1644; x_wconf 86' lang='lat' dir='ltr'>plut.</span> <span class='ocrx_word' id='word_1_95' title='bbox 665 1561 726 1625; x_wconf 77' lang='lat'>862</span> <span class='ocrx_word' id='word_1_96' title='bbox 749 1563 896 1645; x_wconf 86' lang='lat' dir='ltr'>subjectu</span> <span class='ocrx_word' id='word_1_97' title='bbox 919 1562 974 1641; x_wconf 90' lang='lat' dir='ltr'>sit,</span> <span class='ocrx_word' id='word_1_98' title='bbox 1007 1582 1138 1644; x_wconf 86' lang='lat' dir='ltr'>quarum</span> <span class='ocrx_word' id='word_1_99' title='bbox 1171 1561 1228 1625; x_wconf 90' lang='lat' dir='ltr'>illa</span> <span class='ocrx_word' id='word_1_100' title='bbox 1261 1562 1301 1625; x_wconf 86' lang='lat' dir='ltr'>ab</span> 
     </span>
     <span class='ocr_line' id='line_1_12' title="bbox 200 1671 1303 1755; baseline 0.003 -23"><span class='ocrx_word' id='word_1_101' title='bbox 200 1675 282 1751; x_wconf 85' lang='lat' dir='ltr'>arte,</span> <span class='ocrx_word' id='word_1_102' title='bbox 310 1691 372 1753; x_wconf 88' lang='lat' dir='ltr'>qua</span> <span class='ocrx_word' id='word_1_103' title='bbox 394 1673 484 1735; x_wconf 89' lang='lat' dir='ltr'>coria</span> <span class='ocrx_word' id='word_1_104' title='bbox 506 1671 725 1755; x_wconf 88' lang='lat' dir='ltr'>perficiuntur,</span> <span class='ocrx_word' id='word_1_105' title='bbox 753 1673 832 1735; x_wconf 90' lang='lat' dir='ltr'>haec</span> <span class='ocrx_word' id='word_1_106' title='bbox 860 1673 899 1735; x_wconf 91' lang='lat' dir='ltr'>ab</span> <span class='ocrx_word' id='word_1_107' title='bbox 926 1680 995 1735; x_wconf 86' lang='lat' dir='ltr'>arte</span> <span class='ocrx_word' id='word_1_108' title='bbox 1017 1691 1211 1735; x_wconf 89' lang='lat' dir='ltr'>nummorum</span> <span class='ocrx_word' id='word_1_109' title='bbox 1235 1691 1303 1752; x_wconf 85' lang='lat' dir='ltr'>per·</span> 
     </span>
     <span class='ocr_line' id='line_1_13' title="bbox 200 1779 1301 1864; baseline 0.003 -23"><span class='ocrx_word' id='word_1_110' title='bbox 200 1779 419 1844; x_wconf 85' lang='lat' dir='ltr'>cutiendorurn</span> <span class='ocrx_word' id='word_1_111' title='bbox 442 1782 545 1864; x_wconf 88' lang='lat' dir='ltr'>petita</span> <span class='ocrx_word' id='word_1_112' title='bbox 566 1787 627 1862; x_wconf 88' lang='lat' dir='ltr'>est,</span> <span class='ocrx_word' id='word_1_113' title='bbox 657 1781 799 1859; x_wconf 86' lang='lat' dir='ltr'>pluribus</span> <span class='ocrx_word' id='word_1_114' title='bbox 821 1799 983 1863; x_wconf 81' lang='lat' dir='ltr'>exponere</span> <span class='ocrx_word' id='word_1_115' title='bbox 1005 1801 1067 1844; x_wconf 91' lang='lat' dir='ltr'>non</span> <span class='ocrx_word' id='word_1_116' title='bbox 1090 1786 1140 1845; x_wconf 86' lang='lat' dir='ltr'>est</span> <span class='ocrx_word' id='word_1_117' title='bbox 1161 1799 1301 1860; x_wconf 87' lang='lat' dir='ltr'>necesse,</span> 
     </span>
     <span class='ocr_line' id='line_1_14' title="bbox 200 1889 1300 1971; baseline 0 -20"><span class='ocrx_word' id='word_1_118' title='bbox 200 1907 270 1951; x_wconf 92' lang='lat' dir='ltr'>cum</span> <span class='ocrx_word' id='word_1_119' title='bbox 304 1889 389 1971; x_wconf 91' lang='lat' dir='ltr'>apud</span> <span class='ocrx_word' id='word_1_120' title='bbox 420 1909 479 1953; x_wconf 93' lang='lat' dir='ltr'>nos</span> <span class='ocrx_word' id='word_1_121' title='bbox 512 1890 642 1954; x_wconf 86' lang='lat' dir='ltr'>eaedem</span> <span class='ocrx_word' id='word_1_122' title='bbox 669 1889 847 1954; x_wconf 90' lang='lat' dir='ltr'>locutiones</span> <span class='ocrx_word' id='word_1_123' title='bbox 872 1890 906 1952; x_wconf 92' lang='lat' dir='ltr'>in</span> <span class='ocrx_word' id='word_1_124' title='bbox 935 1909 991 1953; x_wconf 88' lang='lat' dir='ltr'>ore</span> <span class='ocrx_word' id='word_1_125' title='bbox 1014 1889 1300 1970; x_wconf 75' lang='lat' dir='ltr'>vulgi&#39;versentur.</span> 
     </span>
     <span class='ocr_line' id='line_1_15' title="bbox 200 1996 1302 2080; baseline 0.001 -20"><span class='ocrx_word' id='word_1_126' title='bbox 200 1997 350 2061; x_wconf 87' lang='lat' dir='ltr'>Occurrit</span> <span class='ocrx_word' id='word_1_127' title='bbox 375 1998 477 2063; x_wconf 89' lang='lat' dir='ltr'>altera</span> <span class='ocrx_word' id='word_1_128' title='bbox 501 1998 621 2062; x_wconf 92' lang='lat' dir='ltr'>locutio</span> <span class='ocrx_word' id='word_1_129' title='bbox 641 1999 756 2063; x_wconf 88' lang='lat' dir='ltr'>iterum</span> <span class='ocrx_word' id='word_1_130' title='bbox 787 1999 819 2062; x_wconf 95' lang='lat' dir='ltr'>in</span> <span class='ocrx_word' id='word_1_131' title='bbox 848 2020 914 2061; x_wconf 91' lang='lat' dir='ltr'>ran.</span> <span class='ocrx_word' id='word_1_132' title='bbox 938 1996 1014 2075; x_wconf 84' lang='lat'>890,</span> <span class='ocrx_word' id='word_1_133' title='bbox 1047 1999 1101 2060; x_wconf 91' lang='lat' dir='ltr'>ubi</span> <span class='ocrx_word' id='word_1_134' title='bbox 1131 1997 1302 2080; x_wconf 79' lang='lat' dir='ltr'>Iduripidee</span> 
     </span>
     <span class='ocr_line' id='line_1_16' title="bbox 200 2104 1306 2191; baseline 0 -24"><span class='ocrx_word' id='word_1_135' title='bbox 200 2106 296 2171; x_wconf 83' lang='lat' dir='ltr'>dicit:</span> <span class='ocrx_word' id='word_1_136' title='bbox 330 2105 422 2190; x_wconf 75' lang='grc' dir='ltr'>ἕτερον</span> <span class='ocrx_word' id='word_1_137' title='bbox 442 2108 498 2189; x_wconf 88' lang='grc' dir='ltr'>γοίρ</span> <span class='ocrx_word' id='word_1_138' title='bbox 519 2106 585 2169; x_wconf 80' lang='grc' dir='ltr'>τίσιν</span> <span class='ocrx_word' id='word_1_139' title='bbox 610 2107 677 2170; x_wconf 84' lang='grc' dir='ltr'>οἶσιν</span> <span class='ocrx_word' id='word_1_140' title='bbox 700 2104 823 2191; x_wconf 76' lang='grc' dir='ltr'>εὔχομαι</span> <span class='ocrx_word' id='word_1_141' title='bbox 845 2106 922 2190; x_wconf 74' lang='lat' dir='ltr'>ilaei,</span> <span class='ocrx_word' id='word_1_142' title='bbox 956 2113 1021 2170; x_wconf 89' lang='lat' dir='ltr'>tum</span> <span class='ocrx_word' id='word_1_143' title='bbox 1044 2106 1204 2171; x_wconf 83' lang='lat' dir='ltr'>Bacchus:</span> <span class='ocrx_word' id='word_1_144' title='bbox 1238 2104 1306 2184; x_wconf 73' lang='grc' dir='ltr'>ἴδιοί</span> 
     </span>
    </p>
   </div>
   <div class='ocr_carea' id='block_1_2' title="bbox 199 2213 659 2305">
    <p class='ocr_par' dir='ltr' id='par_1_3' title="bbox 199 2213 659 2305">
     <span class='ocr_line' id='line_1_17' title="bbox 199 2213 659 2305; baseline 0.007 -30"><span class='ocrx_word' id='word_1_145' title='bbox 199 2213 270 2280; x_wconf 83' lang='grc' dir='ltr'>τινές</span> <span class='ocrx_word' id='word_1_146' title='bbox 293 2238 355 2296; x_wconf 82' lang='grc' dir='ltr'>σου,</span> <span class='ocrx_word' id='word_1_147' title='bbox 379 2213 497 2305; x_wconf 80' lang='grc' dir='ltr'>κόμμα</span> <span class='ocrx_word' id='word_1_148' title='bbox 519 2214 659 2295; x_wconf 66' lang='grc' dir='ltr'>καιν,ὁν;</span> 
     </span>
    </p>
   </div>
   <div class='ocr_carea' id='block_1_3' title="bbox 171 2324 1302 4477">
    <p class='ocr_par' dir='ltr' id='par_1_4' title="bbox 171 2324 1302 3711">
     <span class='ocr_line' id='line_1_18' title="bbox 300 2324 1298 2407; baseline 0.004 -21"><span class='ocrx_word' id='word_1_149' title='bbox 300 2324 350 2386; x_wconf 85' lang='lat' dir='ltr'>Ad</span> <span class='ocrx_word' id='word_1_150' title='bbox 377 2325 538 2390; x_wconf 85' lang='lat' dir='ltr'>hortorum</span> <span class='ocrx_word' id='word_1_151' title='bbox 566 2327 721 2389; x_wconf 88' lang='lat' dir='ltr'>culturam</span> <span class='ocrx_word' id='word_1_152' title='bbox 746 2326 861 2388; x_wconf 88' lang='lat' dir='ltr'>attinet</span> <span class='ocrx_word' id='word_1_153' title='bbox 886 2324 1007 2388; x_wconf 91' lang='lat' dir='ltr'>locutio</span> <span class='ocrx_word' id='word_1_154' title='bbox 1034 2344 1127 2405; x_wconf 86' lang='lat' dir='ltr'>quam</span> <span class='ocrx_word' id='word_1_155' title='bbox 1155 2324 1187 2387; x_wconf 92' lang='lat' dir='ltr'>in</span> <span class='ocrx_word' id='word_1_156' title='bbox 1209 2343 1298 2407; x_wconf 86' lang='lat' dir='ltr'>vesp.</span> 
     </span>
     <span class='ocr_line' id='line_1_19' title="bbox 198 2430 1302 2518; baseline 0.001 -25"><span class='ocrx_word' id='word_1_157' title='bbox 198 2430 261 2495; x_wconf 77' lang='grc'>479</span> <span class='ocrx_word' id='word_1_158' title='bbox 283 2433 432 2515; x_wconf 82' lang='lat' dir='ltr'>legimus:</span> <span class='ocrx_word' id='word_1_159' title='bbox 466 2432 537 2496; x_wconf 80' lang='grc' dir='ltr'>οὐδὲ</span> <span class='ocrx_word' id='word_1_160' title='bbox 569 2434 620 2518; x_wconf 86' lang='grc' dir='ltr'>μὲν</span> <span class='ocrx_word' id='word_1_161' title='bbox 652 2435 678 2516; x_wconf 77' lang='grc' dir='ltr'>γ’</span> <span class='ocrx_word' id='word_1_162' title='bbox 705 2435 767 2497; x_wconf 80' lang='grc' dir='ltr'>οὐδ’</span> <span class='ocrx_word' id='word_1_163' title='bbox 796 2434 832 2496; x_wconf 73' lang='grc' dir='ltr'>ἐν</span> <span class='ocrx_word' id='word_1_164' title='bbox 860 2432 988 2515; x_wconf 71' lang='grc' dir='ltr'>σελίνῳ</span> <span class='ocrx_word' id='word_1_165' title='bbox 1015 2432 1158 2494; x_wconf 83' lang='grc' dir='ltr'>σοίνστίν</span> <span class='ocrx_word' id='word_1_166' title='bbox 1179 2431 1250 2493; x_wconf 83' lang='grc' dir='ltr'>οὐδ’</span> <span class='ocrx_word' id='word_1_167' title='bbox 1273 2433 1302 2494; x_wconf 77' lang='grc' dir='ltr'>ἐν</span> 
     </span>
     <span class='ocr_line' id='line_1_20' title="bbox 171 2539 1302 2626; baseline -0.001 -23"><span class='ocrx_word' id='word_1_168' title='bbox 171 2556 174 2567; x_wconf 90' lang='grc'><strong>“</strong></span> <span class='ocrx_word' id='word_1_169' title='bbox 199 2542 334 2625; x_wconf 78' lang='grc' dir='ltr'>πηγάνῳ,</span> <span class='ocrx_word' id='word_1_170' title='bbox 365 2544 420 2606; x_wconf 91' lang='lat' dir='ltr'>ubi</span> <span class='ocrx_word' id='word_1_171' title='bbox 442 2543 556 2606; x_wconf 78' lang='lat' dir='ltr'>schol:</span> <span class='ocrx_word' id='word_1_172' title='bbox 589 2546 726 2626; x_wconf 81' lang='grc' dir='ltr'>παροιμία</span> <span class='ocrx_word' id='word_1_173' title='bbox 748 2543 794 2604; x_wconf 81' lang='grc' dir='ltr'>ἐπὶ</span> <span class='ocrx_word' id='word_1_174' title='bbox 814 2547 870 2604; x_wconf 81' lang='grc' dir='ltr'>τῶν</span> <span class='ocrx_word' id='word_1_175' title='bbox 893 2540 969 2623; x_wconf 78' lang='grc' dir='ltr'>μηδὲ</span> <span class='ocrx_word' id='word_1_176' title='bbox 1002 2539 1077 2603; x_wconf 83' lang='grc' dir='ltr'>κατὰ</span> <span class='ocrx_word' id='word_1_177' title='bbox 1110 2540 1302 2625; x_wconf 80' lang='grc' dir='ltr'>τούλάχιστον</span> 
     </span>
     <span class='ocr_line' id='line_1_21' title="bbox 200 2647 1302 2735; baseline -0.001 -24"><span class='ocrx_word' id='word_1_178' title='bbox 200 2649 383 2732; x_wconf 75' lang='grc' dir='ltr'>διήνυκὸτων,</span> <span class='ocrx_word' id='word_1_179' title='bbox 408 2651 449 2720; x_wconf 83' lang='grc' dir='ltr'>οἷς</span> <span class='ocrx_word' id='word_1_180' title='bbox 472 2650 625 2714; x_wconf 71' lang='grc' dir='ltr'>ἐπέθεντο·</span> <span class='ocrx_word' id='word_1_181' title='bbox 658 2654 829 2735; x_wconf 75' lang='grc' dir='ltr'>μοτήνεκται</span> <span class='ocrx_word' id='word_1_182' title='bbox 851 2651 884 2712; x_wconf 80' lang='grc' dir='ltr'>δὲ</span> <span class='ocrx_word' id='word_1_183' title='bbox 902 2650 959 2711; x_wconf 76' lang='grc' dir='ltr'>ἀπὸ</span> <span class='ocrx_word' id='word_1_184' title='bbox 977 2653 1034 2711; x_wconf 87' lang='grc' dir='ltr'>τῶν</span> <span class='ocrx_word' id='word_1_185' title='bbox 1056 2649 1171 2732; x_wconf 83' lang='grc' dir='ltr'>κήπων·</span> <span class='ocrx_word' id='word_1_186' title='bbox 1194 2649 1223 2711; x_wconf 80' lang='grc' dir='ltr'>ἐν</span> <span class='ocrx_word' id='word_1_187' title='bbox 1246 2647 1302 2733; x_wconf 81' lang='grc' dir='ltr'>γολρ</span> 
     </span>
     <span class='ocr_line' id='line_1_22' title="bbox 199 2756 1300 2843; baseline 0.002 -23"><span class='ocrx_word' id='word_1_188' title='bbox 199 2762 258 2827; x_wconf 81' lang='grc' dir='ltr'>τοῖς</span> <span class='ocrx_word' id='word_1_189' title='bbox 290 2759 456 2843; x_wconf 71' lang='grc' dir='ltr'>λεγομένοις</span> <span class='ocrx_word' id='word_1_190' title='bbox 488 2762 654 2843; x_wconf 84' lang='grc' dir='ltr'>περικήποις</span> <span class='ocrx_word' id='word_1_191' title='bbox 686 2759 722 2821; x_wconf 86' lang='grc' dir='ltr'>τὰ</span> <span class='ocrx_word' id='word_1_192' title='bbox 749 2758 845 2821; x_wconf 83' lang='grc' dir='ltr'>σέλινα</span> <span class='ocrx_word' id='word_1_193' title='bbox 873 2758 919 2820; x_wconf 87' lang='grc' dir='ltr'>καὶ</span> <span class='ocrx_word' id='word_1_194' title='bbox 945 2759 1061 2841; x_wconf 88' lang='grc' dir='ltr'>πήγανα</span> <span class='ocrx_word' id='word_1_195' title='bbox 1094 2756 1300 2842; x_wconf 82' lang='grc' dir='ltr'>κατερύτευον.</span> 
     </span>
     <span class='ocr_line' id='line_1_23' title="bbox 200 2865 1300 2953; baseline 0 -24"><span class='ocrx_word' id='word_1_196' title='bbox 200 2868 335 2950; x_wconf 80' lang='grc' dir='ltr'>βούλεται</span> <span class='ocrx_word' id='word_1_197' title='bbox 367 2866 417 2931; x_wconf 78' lang='grc' dir='ltr'>οὖν</span> <span class='ocrx_word' id='word_1_198' title='bbox 450 2868 558 2950; x_wconf 80' lang='grc' dir='ltr'>λέγειν,</span> <span class='ocrx_word' id='word_1_199' title='bbox 592 2866 675 2931; x_wconf 84' lang='grc' dir='ltr'>οὔπω</span> <span class='ocrx_word' id='word_1_200' title='bbox 707 2868 777 2931; x_wconf 81' lang='grc' dir='ltr'>οὐδὲ</span> <span class='ocrx_word' id='word_1_201' title='bbox 808 2868 901 2953; x_wconf 81' lang='grc' dir='ltr'>ἀρχὴν</span> <span class='ocrx_word' id='word_1_202' title='bbox 934 2865 1012 2952; x_wconf 78' lang='grc' dir='ltr'>ἔχεις</span> <span class='ocrx_word' id='word_1_203' title='bbox 1044 2871 1094 2929; x_wconf 79' lang='grc' dir='ltr'>τοῦ</span> <span class='ocrx_word' id='word_1_204' title='bbox 1121 2869 1300 2949; x_wconf 76' lang='grc' dir='ltr'>πράγματος,</span> 
     </span>
     <span class='ocr_line' id='line_1_24' title="bbox 200 2975 1300 3060; baseline 0.002 -21"><span class='ocrx_word' id='word_1_205' title='bbox 200 2977 332 3059; x_wconf 77' lang='grc' dir='ltr'>καθάπερ</span> <span class='ocrx_word' id='word_1_206' title='bbox 354 2978 381 3038; x_wconf 84' lang='grc' dir='ltr'>οἱ</span> <span class='ocrx_word' id='word_1_207' title='bbox 402 2977 432 3040; x_wconf 76' lang='grc' dir='ltr'>ἐν</span> <span class='ocrx_word' id='word_1_208' title='bbox 455 2981 513 3044; x_wconf 86' lang='grc' dir='ltr'>τοῖς</span> <span class='ocrx_word' id='word_1_209' title='bbox 535 2977 639 3060; x_wconf 78' lang='grc' dir='ltr'>κήποις</span> <span class='ocrx_word' id='word_1_210' title='bbox 658 2975 788 3045; x_wconf 73' lang='grc' dir='ltr'>εἰσιόντες</span> <span class='ocrx_word' id='word_1_211' title='bbox 809 2976 840 3038; x_wconf 84' lang='grc' dir='ltr'>ἐν</span> <span class='ocrx_word' id='word_1_212' title='bbox 861 2981 919 3044; x_wconf 83' lang='grc' dir='ltr'>τοῖς</span> <span class='ocrx_word' id='word_1_213' title='bbox 934 2976 1053 3043; x_wconf 81' lang='grc' dir='ltr'>σελίνοις</span> <span class='ocrx_word' id='word_1_214' title='bbox 1074 2976 1150 3039; x_wconf 82' lang='grc' dir='ltr'>εἰσίν.</span> <span class='ocrx_word' id='word_1_215' title='bbox 1185 2977 1300 3041; x_wconf 81' lang='lat' dir='ltr'>Admo</span> 
     </span>
     <span class='ocr_line' id='line_1_25' title="bbox 198 3085 1299 3169; baseline -0.001 -20"><span class='ocrx_word' id='word_1_216' title='bbox 198 3087 334 3151; x_wconf 89' lang='lat' dir='ltr'>nendum</span> <span class='ocrx_word' id='word_1_217' title='bbox 352 3106 430 3150; x_wconf 88' lang='lat' dir='ltr'>vero</span> <span class='ocrx_word' id='word_1_218' title='bbox 459 3094 520 3169; x_wconf 91' lang='lat' dir='ltr'>est,</span> <span class='ocrx_word' id='word_1_219' title='bbox 554 3089 654 3151; x_wconf 85' lang='lat' dir='ltr'>rerba</span> <span class='ocrx_word' id='word_1_220' title='bbox 675 3085 737 3149; x_wconf 80' lang='grc' dir='ltr'>οὐδ’</span> <span class='ocrx_word' id='word_1_221' title='bbox 760 3085 789 3148; x_wconf 88' lang='grc' dir='ltr'>ἐν</span> <span class='ocrx_word' id='word_1_222' title='bbox 812 3087 933 3167; x_wconf 83' lang='grc' dir='ltr'>πηγάνῳ</span> <span class='ocrx_word' id='word_1_223' title='bbox 966 3085 1139 3149; x_wconf 90' lang='lat' dir='ltr'>locutionis</span> <span class='ocrx_word' id='word_1_224' title='bbox 1172 3105 1299 3169; x_wconf 88' lang='lat' dir='ltr'>prover-</span> 
     </span>
     <span class='ocr_line' id='line_1_26' title="bbox 197 3193 1299 3279; baseline 0 -21"><span class='ocrx_word' id='word_1_225' title='bbox 197 3195 293 3259; x_wconf 89' lang='lat' dir='ltr'>bialis</span> <span class='ocrx_word' id='word_1_226' title='bbox 315 3217 378 3260; x_wconf 90' lang='lat' dir='ltr'>non</span> <span class='ocrx_word' id='word_1_227' title='bbox 400 3216 480 3261; x_wconf 90' lang='lat' dir='ltr'>esse.</span> <span class='ocrx_word' id='word_1_228' title='bbox 524 3194 613 3273; x_wconf 83' lang='lat' dir='ltr'>Quae</span> <span class='ocrx_word' id='word_1_229' title='bbox 635 3216 691 3259; x_wconf 89' lang='lat' dir='ltr'>cur</span> <span class='ocrx_word' id='word_1_230' title='bbox 713 3203 810 3279; x_wconf 86' lang='lat' dir='ltr'>poeta</span> <span class='ocrx_word' id='word_1_231' title='bbox 831 3193 1006 3272; x_wconf 88' lang='lat' dir='ltr'>addiderit,</span> <span class='ocrx_word' id='word_1_232' title='bbox 1039 3193 1229 3258; x_wconf 84' lang='lat' dir='ltr'>scholiastes</span> <span class='ocrx_word' id='word_1_233' title='bbox 1252 3195 1299 3258; x_wconf 89' lang='lat' dir='ltr'>sic</span> 
     </span>
     <span class='ocr_line' id='line_1_27' title="bbox 199 3300 1300 3388; baseline 0.004 -25"><span class='ocrx_word' id='word_1_234' title='bbox 199 3304 355 3384; x_wconf 85' lang='lat' dir='ltr'>explicat:</span> <span class='ocrx_word' id='word_1_235' title='bbox 376 3306 408 3367; x_wconf 84' lang='grc' dir='ltr'>τὸ</span> <span class='ocrx_word' id='word_1_236' title='bbox 435 3306 468 3369; x_wconf 85' lang='grc' dir='ltr'>δὲ</span> <span class='ocrx_word' id='word_1_237' title='bbox 489 3303 617 3388; x_wconf 75' lang='grc' dir='ltr'>πήγανον</span> <span class='ocrx_word' id='word_1_238' title='bbox 640 3302 702 3368; x_wconf 81' lang='grc' dir='ltr'>εἶπε</span> <span class='ocrx_word' id='word_1_239' title='bbox 726 3303 824 3386; x_wconf 78' lang='grc' dir='ltr'>ἐπειδὴ</span> <span class='ocrx_word' id='word_1_240' title='bbox 846 3302 894 3364; x_wconf 85' lang='grc' dir='ltr'>καὶ</span> <span class='ocrx_word' id='word_1_241' title='bbox 914 3300 1024 3365; x_wconf 87' lang='grc' dir='ltr'>σέλινον</span> <span class='ocrx_word' id='word_1_242' title='bbox 1040 3300 1219 3386; x_wconf 76' lang='grc' dir='ltr'>προςέταξτν,</span> <span class='ocrx_word' id='word_1_243' title='bbox 1242 3304 1300 3367; x_wconf 84' lang='lat' dir='ltr'>sci·</span> 
     </span>
     <span class='ocr_line' id='line_1_28' title="bbox 199 3406 1298 3499; baseline 0.005 -30"><span class='ocrx_word' id='word_1_244' title='bbox 199 3406 277 3472; x_wconf 90' lang='lat' dir='ltr'>licet</span> <span class='ocrx_word' id='word_1_245' title='bbox 297 3412 380 3477; x_wconf 90' lang='lat' dir='ltr'>risus</span> <span class='ocrx_word' id='word_1_246' title='bbox 400 3415 552 3499; x_wconf 88' lang='lat' dir='ltr'>captandi</span> <span class='ocrx_word' id='word_1_247' title='bbox 572 3434 677 3479; x_wconf 89' lang='lat' dir='ltr'>cansa.</span> <span class='ocrx_word' id='word_1_248' title='bbox 722 3413 762 3477; x_wconf 85' lang='lat' dir='ltr'>cf.</span> <span class='ocrx_word' id='word_1_249' title='bbox 786 3416 869 3496; x_wconf 84' lang='lat' dir='ltr'>App.</span> <span class='ocrx_word' id='word_1_250' title='bbox 885 3412 942 3495; x_wconf 89' lang='lat' dir='ltr'>IV,</span> <span class='ocrx_word' id='word_1_251' title='bbox 961 3408 1016 3477; x_wconf 81' lang='lat'>38:</span> <span class='ocrx_word' id='word_1_252' title='bbox 1039 3411 1085 3473; x_wconf 78' lang='grc' dir='ltr'>ἐπὶ</span> <span class='ocrx_word' id='word_1_253' title='bbox 1106 3415 1162 3474; x_wconf 83' lang='grc' dir='ltr'>τῶν</span> <span class='ocrx_word' id='word_1_254' title='bbox 1186 3411 1298 3496; x_wconf 86' lang='grc' dir='ltr'>μακρὰν</span> 
     </span>
     <span class='ocr_line' id='line_1_29' title="bbox 199 3515 1298 3607; baseline 0.008 -30"><span class='ocrx_word' id='word_1_255' title='bbox 199 3517 250 3577; x_wconf 81' lang='grc' dir='ltr'>τοῦ</span> <span class='ocrx_word' id='word_1_256' title='bbox 272 3515 375 3585; x_wconf 82' lang='grc' dir='ltr'>τέλους</span> <span class='ocrx_word' id='word_1_257' title='bbox 396 3521 575 3605; x_wconf 81' lang='grc' dir='ltr'>ἀπεχόντων.</span> <span class='ocrx_word' id='word_1_258' title='bbox 620 3524 660 3590; x_wconf 84' lang='lat' dir='ltr'>cl.</span> <span class='ocrx_word' id='word_1_259' title='bbox 683 3525 795 3607; x_wconf 85' lang='lat' dir='ltr'>Apost.</span> <span class='ocrx_word' id='word_1_260' title='bbox 821 3518 919 3603; x_wconf 79' lang='lat' dir='ltr'>13,4t.</span> <span class='ocrx_word' id='word_1_261' title='bbox 952 3520 1084 3604; x_wconf 85' lang='lat' dir='ltr'>Hesych</span> <span class='ocrx_word' id='word_1_262' title='bbox 1106 3520 1198 3587; x_wconf 80' lang='lat' dir='ltr'>Suid.</span> <span class='ocrx_word' id='word_1_263' title='bbox 1218 3541 1243 3585; x_wconf 88' lang='lat' dir='ltr'>s.</span> <span class='ocrx_word' id='word_1_264' title='bbox 1267 3541 1298 3587; x_wconf 86' lang='lat' dir='ltr'>v.</span> 
     </span>
     <span class='ocr_line' id='line_1_30' title="bbox 198 3625 471 3711; baseline 0.015 -22"><span class='ocrx_word' id='word_1_265' title='bbox 198 3625 322 3692; x_wconf 80' lang='lat' dir='ltr'>Erasm.</span> <span class='ocrx_word' id='word_1_266' title='bbox 344 3648 376 3711; x_wconf 88' lang='lat' dir='ltr'>p.</span> <span class='ocrx_word' id='word_1_267' title='bbox 399 3625 471 3693; x_wconf 72' lang='lat'>273.</span> 
     </span>
    </p>

    <p class='ocr_par' dir='ltr' id='par_1_5' title="bbox 197 3736 1300 4149">
     <span class='ocr_line' id='line_1_31' title="bbox 298 3736 1298 3822; baseline 0.004 -23"><span class='ocrx_word' id='word_1_268' title='bbox 298 3736 348 3800; x_wconf 91' lang='lat' dir='ltr'>De</span> <span class='ocrx_word' id='word_1_269' title='bbox 380 3741 522 3800; x_wconf 85' lang='lat' dir='ltr'>sutorum</span> <span class='ocrx_word' id='word_1_270' title='bbox 553 3738 674 3820; x_wconf 90' lang='lat' dir='ltr'>pallido</span> <span class='ocrx_word' id='word_1_271' title='bbox 709 3739 818 3803; x_wconf 89' lang='lat' dir='ltr'>colore</span> <span class='ocrx_word' id='word_1_272' title='bbox 850 3739 916 3802; x_wconf 89' lang='lat' dir='ltr'>oris</span> <span class='ocrx_word' id='word_1_273' title='bbox 942 3746 1067 3822; x_wconf 89' lang='lat' dir='ltr'>sumptu</span> <span class='ocrx_word' id='word_1_274' title='bbox 1095 3744 1145 3801; x_wconf 84' lang='lat' dir='ltr'>est</span> <span class='ocrx_word' id='word_1_275' title='bbox 1170 3738 1298 3819; x_wconf 88' lang='lat' dir='ltr'>locuti0,</span> 
     </span>
     <span class='ocr_line' id='line_1_32' title="bbox 199 3845 1299 3932; baseline 0.003 -23"><span class='ocrx_word' id='word_1_276' title='bbox 199 3866 292 3928; x_wconf 92' lang='lat' dir='ltr'>quam</span> <span class='ocrx_word' id='word_1_277' title='bbox 308 3846 539 3929; x_wconf 83' lang='lat' dir='ltr'>Aristophanes</span> <span class='ocrx_word' id='word_1_278' title='bbox 561 3846 593 3909; x_wconf 92' lang='lat' dir='ltr'>in</span> <span class='ocrx_word' id='word_1_279' title='bbox 610 3866 678 3930; x_wconf 88' lang='lat' dir='ltr'>pac.</span> <span class='ocrx_word' id='word_1_280' title='bbox 697 3845 777 3909; x_wconf 83' lang='lat'>1309</span> <span class='ocrx_word' id='word_1_281' title='bbox 800 3847 916 3930; x_wconf 82' lang='lat' dir='ltr'>attigit,</span> <span class='ocrx_word' id='word_1_282' title='bbox 938 3850 990 3912; x_wconf 91' lang='lat' dir='ltr'>ubi</span> <span class='ocrx_word' id='word_1_283' title='bbox 1006 3847 1172 3930; x_wconf 81' lang='lat' dir='ltr'>Trygaeus</span> <span class='ocrx_word' id='word_1_284' title='bbox 1194 3848 1299 3932; x_wconf 89' lang='lat' dir='ltr'>hospi·</span> 
     </span>
     <span class='ocr_line' id='line_1_33' title="bbox 197 3956 1300 4041; baseline 0.002 -21"><span class='ocrx_word' id='word_1_285' title='bbox 197 3962 246 4021; x_wconf 88' lang='lat' dir='ltr'>tes</span> <span class='ocrx_word' id='word_1_286' title='bbox 280 3956 464 4020; x_wconf 85' lang='lat' dir='ltr'>cohortatus</span> <span class='ocrx_word' id='word_1_287' title='bbox 497 3963 560 4038; x_wconf 89' lang='lat' dir='ltr'>est,</span> <span class='ocrx_word' id='word_1_288' title='bbox 593 3962 629 4018; x_wconf 90' lang='lat' dir='ltr'>nt</span> <span class='ocrx_word' id='word_1_289' title='bbox 660 3956 750 4020; x_wconf 90' lang='lat' dir='ltr'>cibos</span> <span class='ocrx_word' id='word_1_290' title='bbox 778 3958 944 4041; x_wconf 86' lang='lat' dir='ltr'>appositos</span> <span class='ocrx_word' id='word_1_291' title='bbox 973 3957 1088 4039; x_wconf 91' lang='lat' dir='ltr'>cupide</span> <span class='ocrx_word' id='word_1_292' title='bbox 1111 3964 1300 4041; x_wconf 87' lang='lat' dir='ltr'>appeterent</span> 
     </span>
     <span class='ocr_line' id='line_1_34' title="bbox 197 4065 999 4149; baseline -0.001 -21"><span class='ocrx_word' id='word_1_293' title='bbox 197 4085 280 4130; x_wconf 89' lang='lat' dir='ltr'>neve</span> <span class='ocrx_word' id='word_1_294' title='bbox 301 4065 382 4129; x_wconf 86' lang='lat' dir='ltr'>albis</span> <span class='ocrx_word' id='word_1_295' title='bbox 404 4065 552 4130; x_wconf 91' lang='lat' dir='ltr'>dentibus</span> <span class='ocrx_word' id='word_1_296' title='bbox 574 4072 751 4149; x_wconf 88' lang='lat' dir='ltr'>parcerent,</span> <span class='ocrx_word' id='word_1_297' title='bbox 773 4066 852 4131; x_wconf 90' lang='lat' dir='ltr'>haec</span> <span class='ocrx_word' id='word_1_298' title='bbox 874 4065 999 4130; x_wconf 87' lang='lat' dir='ltr'>dicens:</span> 
     </span>
    </p>

    <p class='ocr_par' dir='ltr' id='par_1_6' title="bbox 198 4171 1298 4477">
     <span class='ocr_line' id='line_1_35' title="bbox 615 4171 1150 4258; baseline -0.007 -21"><span class='ocrx_word' id='word_1_299' title='bbox 615 4172 617 4176; x_wconf 62' lang='grc'><strong>’</strong></span> <span class='ocrx_word' id='word_1_300' title='bbox 798 4173 880 4237; x_wconf 75' lang='grc' dir='ltr'>οὐδὲν</span> <span class='ocrx_word' id='word_1_301' title='bbox 902 4172 958 4258; x_wconf 82' lang='grc' dir='ltr'>γὰρ</span> <span class='ocrx_word' id='word_1_302' title='bbox 980 4171 1005 4235; x_wconf 82' lang='grc' dir='ltr'>ὦ</span> <span class='ocrx_word' id='word_1_303' title='bbox 1029 4172 1150 4258; x_wconf 75' lang='grc' dir='ltr'>πονηροί</span> 
     </span>
     <span class='ocr_line' id='line_1_36' title="bbox 319 4280 1193 4367; baseline 0 -23"><span class='ocrx_word' id='word_1_304' title='bbox 319 4285 430 4345; x_wconf 83' lang='grc' dir='ltr'>λευκῶν</span> <span class='ocrx_word' id='word_1_305' title='bbox 453 4280 582 4346; x_wconf 82' lang='grc' dir='ltr'>ὀδόντων</span> <span class='ocrx_word' id='word_1_306' title='bbox 603 4280 689 4367; x_wconf 84' lang='grc' dir='ltr'>ἔργον</span> <span class='ocrx_word' id='word_1_307' title='bbox 712 4280 782 4362; x_wconf 82' lang='grc' dir='ltr'>ἔστ’,</span> <span class='ocrx_word' id='word_1_308' title='bbox 803 4282 838 4365; x_wconf 81' lang='grc' dir='ltr'>ἢν</span> <span class='ocrx_word' id='word_1_309' title='bbox 860 4283 900 4366; x_wconf 87' lang='grc' dir='ltr'>μή</span> <span class='ocrx_word' id='word_1_310' title='bbox 922 4305 948 4345; x_wconf 89' lang='grc' dir='ltr'>τι</span> <span class='ocrx_word' id='word_1_311' title='bbox 969 4281 1016 4344; x_wconf 88' lang='grc' dir='ltr'>καὶ</span> <span class='ocrx_word' id='word_1_312' title='bbox 1036 4286 1193 4365; x_wconf 80' lang='grc' dir='ltr'>μασῶνται,</span> 
     </span>
     <span class='ocr_line' id='line_1_37' title="bbox 198 4388 1298 4477; baseline -0.004 -22"><span class='ocrx_word' id='word_1_313' title='bbox 198 4392 253 4455; x_wconf 84' lang='lat' dir='ltr'>ubi</span> <span class='ocrx_word' id='word_1_314' title='bbox 276 4393 391 4476; x_wconf 72' lang='lat' dir='ltr'>schol,</span> <span class='ocrx_word' id='word_1_315' title='bbox 427 4390 471 4455; x_wconf 80' lang='grc' dir='ltr'>ὅτι</span> <span class='ocrx_word' id='word_1_316' title='bbox 492 4393 628 4477; x_wconf 80' lang='grc' dir='ltr'>παροιμία</span> <span class='ocrx_word' id='word_1_317' title='bbox 658 4392 746 4456; x_wconf 75' lang='grc' dir='ltr'>ἐστίν·</span> <span class='ocrx_word' id='word_1_318' title='bbox 778 4395 825 4456; x_wconf 82' lang='grc' dir='ltr'>καί</span> <span class='ocrx_word' id='word_1_319' title='bbox 855 4391 947 4460; x_wconf 79' lang='grc' dir='ltr'>οὕτως</span> <span class='ocrx_word' id='word_1_320' title='bbox 980 4389 1084 4473; x_wconf 70' lang='lat' dir='ltr'>„oddlu</span> <span class='ocrx_word' id='word_1_321' title='bbox 1115 4388 1201 4475; x_wconf 81' lang='grc' dir='ltr'>ἔργον</span> <span class='ocrx_word' id='word_1_322' title='bbox 1223 4388 1298 4457; x_wconf 87' lang='grc' dir='ltr'>ἔστιν</span> 
     </span>
    </p>
   </div>
   <div class='ocr_carea' id='block_1_4' title="bbox 0 0 1554 4974">
    <p class='ocr_par' dir='ltr' id='par_1_7' title="bbox 0 0 1554 4974">
     <span class='ocr_line' id='line_1_38' title="bbox 0 0 1554 4974; baseline 0 1"><span class='ocrx_word' id='word_1_323' title='bbox 0 0 1554 4974; x_wconf 95' lang='lat' dir='ltr'> </span> 
     </span>
    </p>
   </div>
  </div>
 </body>
</html>
