3100 4974
789 279 829 342 28

712 369 911 379 ⁹——

261 479 437 563 Alcyonios
459 480 560 546 fuisse
582 488 690 566 not0s;
713 483 768 548 alii
785 483 880 547 ulium
896 503 1057 548 nnmerum
1072 483 1226 548 referunt:
1249 461 1362 548 novem

259 589 482 672 Philochorus,
494 591 639 656 undecim
654 591 832 658 Simonides
845 601 878 658 et
893 593 1093 673 Aristoteles,
1105 592 1362 675 quattuordecim

263 698 454 781 Hesychius.
478 699 606 782 Septem
619 701 688 766 dies
701 710 926 766 commemorat
937 704 1032 767 etiam
1045 702 1137 767 Ovid.
1150 702 1218 766 Met
1242 699 1361 782 clyto.

360 807 463 873 Recte
492 808 582 890 origo
609 809 701 893 hujus
729 811 901 876 locutionis
934 834 953 875 a
985 818 1100 875 natura
1122 811 1227 874 avium
1249 809 1363 892 Alcyo-

260 916 382 980 niarum
406 916 551 981 ducenda
573 938 645 983 csse
659 920 794 1002 videtur,
820 943 912 1005 quam
928 922 1119 1010 scholiastes
1142 920 1183 985 ad
1197 941 1263 983 ran.
1281 917 1363 980 1309

229 1080 234 1085 .
261 1026 308 1089 sic
331 1027 412 1089 bene
435 1026 587 1110 explicat:
611 1026 752 1097 ἀλκυόνες
768 1030 801 1092 δὲ
824 1031 922 1092 ἐπάνω
938 1034 990 1092 τοῦ
1013 1034 1064 1112 τῆς
1086 1030 1238 1112 θαλάσσης
1260 1028 1364 1097 ὕδατος

260 1134 423 1218 καθήμεναι
453 1133 488 1196 τά
521 1135 618 1198 αὐτῶν
645 1135 691 1220 ᾠὰ
713 1139 743 1201 ἐν
765 1143 809 1219 uqi
830 1139 914 1222 βυθῷ
936 1141 1053 1218 κείμενα
1075 1139 1274 1221 θερμαίνουσι·
1297 1137 1362 1200 καθ’

261 1243 292 1306 ὃν
313 1243 346 1306 δὲ
367 1242 465 1327 καιρὸν
487 1247 573 1306 τοῦτο
598 1249 735 1318 ποιοῦσιν,
758 1244 925 1312 άλκιιονίδες
936 1243 1020 1305 αὗται
1037 1246 1066 1304 αἱ
1081 1246 1187 1328 ἡμέραι
1209 1249 1364 1308 καλοῦνται

261 1349 405 1414 καὶέστιν
429 1352 458 1413 ἐν
480 1352 579 1419 αι’νταῖς
602 1352 720 1435 μεγίστη
743 1351 855 1436 ἡσυχία
868 1349 982 1433 ἀνέμων
1006 1372 1037 1410 τε
1056 1351 1110 1413 ’καὶ
1131 1355 1280 1433 κυμάτων.
1318 1355 1364 1420 Si·

260 1462 347 1525 milia
369 1462 459 1545 legas
482 1483 530 1544 ap.
554 1465 666 1547 Apost.
690 1461 732 1543 Π,
754 1446 804 1523 20.
828 1460 989 1544 Alcyones
1014 1477 1241 1524 commemorat
1262 1463 1359 1525 etiam

262 1571 398 1636 Theocr.
422 1570 505 1653 tot:

331 1814 333 1817 Ι
409 1727 550 1810 ἀλκυόνες
572 1733 750 1814 σταρεσεῦντι
770 1728 806 1793 τὰ
829 1731 942 1814 κύματα
963 1731 1016 1792 τάν
1038 1751 1069 1791 τε
1090 1729 1252 1794 θάλασσαν.

358 1900 451 1964 Voce
492 1899 671 1965 hirundinis
714 1901 776 1964 hoc
819 1900 1024 1983 proverbium
1067 1898 1235 1963 formatum
1276 1897 1364 1980 apud

259 2008 423 2092 Aristoph.
439 2010 613 2075 invenitur:
637 2009 696 2092 μία
711 2000 866 2093 χελιδὼν
880 2006 943 2092 ἔαρ
965 2009 1003 2070 od
1026 2010 1129 2069 ποιεῖ.
1162 2006 1199 2069 In
1211 2026 1261 2069 av.
1276 2003 1364 2086 1416,

261 2117 298 2180 17
321 2116 544 2182 Peithetacrus
567 2119 608 2182 ad
631 2119 861 2202 sycophantam
888 2117 1046 2202 quendam
1061 2133 1248 2180 ¹conversus
1271 2113 1363 2177 dicit:

259 2225 372 2288 δεῖσθαι
394 2223 488 2289 ἔοικεν
522 2229 580 2310 (sc.
614 2227 647 2289 τί
670 2227 793 2311 ἱμάτιον)
828 2226 880 2289 οὐκ
904 2226 1009 2308 ὀλίγων
1037 2222 1212 2309 χελιδόνων·
1247 2223 1363 2307 quibus

258 2334 366 2399 verbis
403 2336 577 2418 significat,
607 2338 826 2420 sycophantae
853 2344 974 2400 vestem
1001 2334 1217 2400 tenuissimam
1244 2333 1364 2396 tritam·

259 2464 322 2527 que
344 2463 425 2509 esse.
469 2445 563 2510 Hunc
596 2464 723 2511 versum
757 2446 804 2509 sic
838 2444 1062 2530 explicandum
1095 2462 1168 2507 esse
1200 2441 1362 2506 existimo:

258 2553 359 2617 vestis
382 2560 436 2617 tna
457 2574 520 2618 non
543 2556 655 2637 paucis
677 2554 898 2618 hirundinibus
922 2559 1007 2635 eget,
1037 2553 1058 2616 i.
1094 2571 1121 2616 e.
1155 2571 1225 2615 cum
1246 2550 1363 2614 multae
1392 2596 1400 2611 .

258 2661 445 2727 hirundines
467 2663 611 2746 aderunt,
644 2670 710 2729 tum
732 2663 833 2728 vestis
856 2669 912 2726 tua
932 2661 1020 2725 indui
1043 2666 1165 2745 potest,
1201 2661 1248 2723 ita
1270 2666 1305 2722 ut
1325 2659 1364 2739 is,

259 2771 313 2855 qui
335 2792 374 2836 aa
395 2773 529 2837 amictus
564 2774 613 2854 sit,
647 2793 711 2837 uon
746 2772 863 2855 algeat.
908 2772 1043 2835 Poetam
1076 2770 1116 2834 ad
1150 2768 1362 2852 proverbium,

177 2961 180 2966 Ι
259 2882 344 2964 quod
367 2901 465 2963 snpra
479 2883 716 2961 nominaverim,
736 2884 796 2947 hoc
812 2900 908 2947 versu
923 2888 1096 2964 spectasse,
1119 2886 1262 2964 apparet.
1296 2877 1364 2942 Nos

259 2990 343 3054 idem
368 2990 517 3054 dicimus:
542 2991 614 3055 eine
637 2990 804 3055 Schwalbe
825 2993 933 3055 macht
953 2990 1069 3055 hainen
1087 2989 1238 3055 Sommcr.
1276 2985 1364 3063 Quae

258 3099 422 3183 proverbii
445 3101 494 3165 vis
516 3101 566 3182 sit,
589 3101 772 3185 explicatur
795 3122 814 3164 a
836 3100 949 3165 Suida:
988 3100 1184 3181 παροιμιῶδες
1205 3099 1300 3177 τοῦτο,
1323 3094 1366 3157 ὅτι

258 3209 309 3291 μία
330 3210 459 3293 χελιδὼν
481 3207 535 3291 ἔαρ
558 3210 592 3272 οὐ
614 3213 703 3273 ποιεῖ’
727 3209 865 3295 βούλεται
880 3210 913 3272 δὲ
936 3209 1032 3290 εἰπεῖν,
1052 3207 1102 3290 μία
1116 3204 1212 3288 ἡμέρα
1234 3203 1267 3266 οὐ
1290 3206 1369 3266 πατεῖ

259 3317 308 3379 τὸν
330 3318 422 3401 σοφὸν
444 3319 485 3386 εἰς
518 3318 664 3380 τελείωσιν
697 3319 831 3402 ἐμβαλεῖν
863 3318 911 3379 καὶ
944 3317 1099 3400 δυςημερία
1126 3315 1176 3397 μία
1203 3317 1252 3375 τὸν
1276 3315 1365 3396 σωρὸν

260 3427 299 3495 εἰς
321 3427 462 3510 ἀμαθίαν,
496 3435 529 3492 et
550 3448 600 3511 ap.
624 3428 743 3492 Zenob.
766 3426 852 3509 5,12;
888 3427 936 3509 μία
965 3425 1088 3508 μέλισσα
1122 3422 1187 3504 μέλι
1219 3421 1364 3484 aduersi·

260 3536 320 3598 cinti
342 3538 392 3597 τοῦ
414 3535 465 3618 μία
489 3534 584 3619 ἡμέρα
607 3535 660 3598 οὐκ
687 3536 722 3620 ἐᾷ
749 3535 788 3603 είς
814 3539 916 3617 γνῶσιν
945 3534 1101 3617 ἐμβάλλειν
1123 3531 1142 3614 ἢ
1165 3532 1205 3599 είς
1227 3530 1363 3613 ἀμαθίαν.

260 3645 384 3711 Similia
404 3647 579 3729 proverbia
600 3646 707 3712 inveni
736 3647 768 3709 in
801 3642 922 3709 adnott.
956 3645 996 3708 ad
1020 3644 1121 3726 Greg.⁴
1141 3641 1175 3705 Ο.
1193 3638 1235 3703 L.
1260 3640 1301 3719 II,
1325 3637 1363 3699 71

183 3812 186 3818 ,
260 3775 342 3839 quae
364 3763 437 3819 sunt
458 3757 576 3838 γραμμὴ
600 3755 650 3836 μία
672 3753 707 3816 οὐ
730 3759 804 3817 ποιεῖ
825 3753 874 3816 τὸν
897 3732 1066 3836 γεωμέτρην
1095 3761 1127 3816 et
1156 3750 1196 3816 εἷς
1218 3750 1309 3814 πλοῦς
1331 3748 1364 3808 οὐ

259 3864 307 3927 τὸν
330 3865 496 3927 θαλάττιον.
542 3863 654 3929 Simile
676 3872 726 3929 est
748 3873 906 3930 nostrum:
928 3865 1011 3928 Rom
1033 3863 1076 3925 ist
1097 3861 1186 3923 nicht
1207 3859 1240 3921 in
1262 3858 1366 3922 cinam

260 3975 352 4057 Tage
374 3976 497 4038 crhaut.
776 3972 780 3979 ’

360 4084 433 4147 Jam
455 4102 496 4148 ex
517 4083 579 4146 hoc
602 4083 775 4165 proverbio
797 4081 1002 4163 intelligitur,
1025 4078 1204 4142 hirundinis
1227 4076 1363 4140 adventu

259 4193 383 4257 initium
407 4193 492 4256 veris
516 4189 699 4274 significari,
733 4191 815 4273 quod
852 4190 936 4254 idem
968 4190 1123 4272 probatur
1154 4186 1301 4251 versibus
1333 4186 1366 4247 in

261 4324 311 4367 av.
334 4301 395 4364 713
418 4309 450 4366 ct
472 4322 542 4384 equ.
566 4298 643 4363 418:
668 4298 819 4384 σκέψασθε
841 4300 956 4366 auidae·
985 4297 1048 4384 οὐχ’
1072 4297 1170 4378 ipah,
1193 4296 1268 4377 ὥρα
1290 4293 1350 4355 νέα
1358 4344 1365 4374 ,

261 4410 433 4501 χελιδών.
477 4409 566 4492 Quae
598 4410 719 4478 locutio
753 4416 856 4474 utrum
888 4408 1030 4491 vulgaris
1056 4406 1153 4474 tuerit
1186 4424 1299 4486 necne,
1333 4404 1366 4469 in
