3100 4974
762 299 783 361 9

673 388 872 397 ...on-—

223 502 264 566 ci.
297 504 412 588 Apost.
449 499 520 585 7,92
553 497 687 584 ὄμφακας
719 501 836 588 βλέπειν
868 503 901 566 in
933 501 1080 585 Append.
1113 521 1204 584 prov.
1240 497 1321 581 431.

223 610 339 696 βλέπειν
361 607 436 694 Ἄρη
459 611 492 675 in
513 611 591 695 plut.
615 609 685 692 328,
707 612 762 675 ubi
784 611 887 678 schol:
917 609 1053 692 παροιμία
1077 608 1202 671 ἐπὶτῶν
1225 610 1323 693 ὑπισχ-

223 719 371 803 νουμένων
390 719 473 782 παντὶ
494 718 591 783 σθένει
613 722 804 802 συμπράττειν
832 721 879 793 ναὶ
905 719 1087 802 συναίρεσθαι
1113 718 1154 785 εἰς
1175 718 1322 803 βοήθειαν.

221 828 316 893 Aliae
344 836 447 893 autem
475 830 615 912 ejusdem
647 832 775 913 generis
804 830 983 895 locutiones
1013 829 1052 890 ab
1074 828 1237 910 Aristoph.
1263 826 1323 889 lor-

221 944 327 1002 matae
349 957 421 1002 esse
443 938 604 1020 videntur,
638 939 736 1003 veluti
765 940 881 1021 βλέπειν
908 939 1079 1021 ὀστρακίνδα
1101 938 1134 999 in
1157 957 1227 1018 equ.
1250 934 1321 997 855.

220 1047 267 1131 βλ.
291 1044 409 1130 μανικόν
440 1047 487 1108 καὶ
518 1045 695 1131 τραγῳδικόν
727 1050 760 1112 in
793 1049 870 1131 plut.
897 1048 968 1111 424.
1004 1049 1050 1132 βλ,
1074 1049 1255 1130 ναύφρακτον
1289 1045 1323 1108 iu

219 1156 301 1220 Aah.
324 1154 374 1220 95.
401 1155 541 1240 πυρβίχην
567 1157 613 1240 βλ.
636 1157 670 1221 in
697 1180 746 1221 av.
771 1156 864 1238 1169,
893 1159 947 1223 ubi
978 1157 1083 1221 schol:
1121 1154 1253 1219 ἐνόπλιον
1275 1153 1324 1216 καὶ
1365 1172 1368 1175 ·

221 1263 390 1349 πολεμικόν.

324 1373 389 1440 Sed
411 1375 491 1440 haec
512 1375 675 1441 hactenus.

322 1483 513 1568 Priusquam
535 1486 694 1551 rationem
716 1488 888 1570 explicem,
911 1486 1035 1568 quade
1058 1484 1239 1569 proverbiis
1262 1482 1325 1545 dis·

221 1594 345 1677 putavi,
373 1593 437 1658 duo
467 1596 529 1658 viri
557 1596 822 1660 commemorandi
845 1601 929 1675 sunt,
959 1596 1012 1677 qui
1038 1593 1189 1657 nonnulla
1209 1593 1324 1656 docue-

129 1712 133 1718 '
222 1710 308 1783 runt,
332 1723 413 1785 quae
433 1704 475 1767 ad
496 1705 651 1769 rationem
674 1706 847 1789 pertinent,
875 1705 999 1786 quade
1022 1703 1203 1787 proverbiis
1226 1701 1324 1764 disse-

222 1811 354 1877 rendum
377 1813 428 1876 sit
471 1813 564 1878 Alter
590 1834 699 1877 eorum
725 1815 765 1877 K.
789 1815 909 1878 Zellius
935 1815 968 1877 in
994 1810 1233 1890 commentitie,
1269 1809 1324 1891 qui

222 1922 408 1985 inscribitur
440 1924 540 2002 „iiber
576 1922 629 1987 die
666 1923 900 2006 Spriehwtrtcr
933 1924 990 1988 der
1024 1923 1110 1986 alten
1145 1918 1323 1983 Griechen“

224 2029 527 2113 (Ferme-Schriften
549 2033 578 2113 I,
605 2033 763 2114 Freiburg
790 2031 883 2115 1836)
908 2055 978 2099 eam
999 2031 1066 2095 fere
1088 2031 1248 2093 rationem
1270 2028 1324 2091 do-

222 2141 297 2221 cuit,
320 2160 415 2224 quam
437 2161 498 2223 ego
520 2143 647 2206 omnino
670 2150 798 2206 secutus
820 2161 888 2206 sum
911 2150 944 2207 et
964 2142 1048 2206 inira
1070 2140 1253 2204 declarabo.

323 2249 414 2313 Alter
440 2258 490 2315 est
513 2250 774 2333 Rohdewaldius,
808 2252 861 2333 qui
889 2251 1075 2334 opusculum
1102 2250 1233 2333 scripsit
1264 2247 1323 2329 „de

222 2378 282 2422 usu
303 2360 548 2443 proverbiorum
569 2361 653 2444 apud
675 2361 942 2444 Aristophanem“
959 2361 1118 2443 (Progrm
1135 2360 1191 2424 des
1209 2358 1322 2440 Gymn.

222 2489 261 2532 nu
285 2468 520 2551 Burgsteinfurt
543 2468 647 2552 1857),
670 2490 732 2552 quo
748 2471 898 2554 explicat,
915 2470 1074 2554 quomodo
1092 2468 1265 2551 proverbia
1281 2467 1322 2528 ab

222 2579 440 2662 Aristophane
462 2579 606 2642 adhibita
628 2580 700 2643 sint.
745 2579 835 2643 Duae
860 2581 1015 2663 imprimis
1043 2585 1150 2662 partes
1173 2577 1321 2639 disserta-

223 2688 320 2751 tionis
342 2694 422 2768 sunt,
445 2708 577 2770 quarum
599 2688 633 2750 in
654 2688 756 2752 altera
778 2688 818 2753 de
835 2690 1014 2772 proverbiis
1030 2686 1214 2770 disputavit,
1238 2703 1320 2767 quae

224 2798 257 2859 in
283 2797 458 2861 comoediis
484 2797 609 2879 integra
631 2797 845 2878 inveniuntur,
876 2798 909 2860 in
943 2797 1046 2860 ultera
1079 2797 1118 2860 de
1151 2796 1205 2876 iis,
1240 2798 1321 2875 quae

225 2905 454 2991 Aristophanes
481 2913 566 2970 tecte
592 2904 788 2987 significavit
813 2913 845 2970 et
871 2907 961 2989 quasi
987 2906 1020 2967 in
1047 2907 1183 2969 transitu
1204 2904 1322 2968 leviter

227 3014 338 3097 tetigit.
384 3014 578 3098 Quamquam
601 3034 720 3078 summo
743 3015 848 3079 studio
871 3016 987 3096 docuit,
1011 3018 1082 3098 quis
1106 3017 1148 3079 sit
1161 3033 1236 3077 usus
1251 3030 1322 3096 pro·

225 3126 415 3209 verbiorum,
437 3134 542 3190 tamen
564 3124 656 3205 ratio,
680 3144 773 3206 quam
786 3131 834 3188 est
849 3125 1020 3207 ingressus,
1040 3126 1166 3189 omnino
1181 3125 1322 3189 nondum

224 3236 463 3319 comprobanda
488 3240 546 3299 est.
591 3234 672 3297 Tum
699 3234 834 3316 demum,
868 3254 938 3297 cum
971 3236 1075 3298 omnia
1109 3255 1149 3298 ex
1177 3237 1322 3298 omnibus

223 3345 436 3427 scriptoribus
457 3345 629 3429 proverbia
651 3344 788 3408 collecta
815 3351 910 3426 atque
933 3345 1094 3429 explicata
1126 3345 1321 3425 habebimus,

222 3453 251 3516 is
275 3460 399 3535 gratum
419 3454 538 3517 subibit
558 3453 714 3533 laborem,
744 3454 798 3536 qni
820 3454 1009 3537 explicabit,
1038 3453 1196 3538 quomodo
1219 3474 1238 3516 a
1261 3454 1322 3516 sin-

223 3561 307 3643 gulis
329 3563 540 3645 scriptoribus
562 3565 736 3647 proverbia
758 3565 822 3628 sint
843 3564 995 3627 adhibita.
1039 3564 1078 3626 Id
1098 3583 1177 3626 vero
1192 3563 1225 3624 in
1242 3563 1321 3626 vitio

222 3671 402 3755 ponendum
425 3678 485 3752 est,
520 3671 605 3754 quod
626 3672 665 3735 R.
689 3693 792 3756 neque
823 3673 1066 3736 scholiastarum
1088 3693 1191 3753 neque
1213 3691 1322 3755 paroe-

159 3846 163 3855 ,
222 3781 480 3863 miographorum
502 3781 656 3844 rationem
679 3782 757 3844 satis
780 3781 902 3862 habuit-3
927 3783 980 3864 qui
1003 3802 1073 3845 curn
1099 3783 1130 3844 in
1148 3800 1324 3865 agnoscen-¹

224 3889 273 3953 dis
296 3891 477 3972 proverbiis
499 3898 647 3954 auctores
669 3890 761 3953 nobis
784 3891 862 3971 sint,
896 3891 1022 3955 silentio
1050 3911 1111 3955 non
1139 3905 1212 3954 sunt
1234 3910 1322 3972 prae

224 3999 380 4064 tereundi.

324 4108 403 4172 Cum
430 4109 529 4190 igitur
553 4109 708 4192 imprimis
735 4128 867 4172 necesso
891 4109 947 4190 sit,
980 4110 1086 4172 omnia
1111 4128 1149 4172 ex
1178 4108 1322 4172 omnibus

225 4218 436 4302 scriptoribus
457 4219 630 4301 proverbia
653 4218 820 4299 colligere,
848 4219 916 4282 sive
939 4218 1114 4300 scriptores
1136 4219 1262 4299 integra
1284 4237 1323 4283 ea

224 4326 445 4409 adhibuerunt,
468 4327 536 4391 sive
558 4328 876 4410 tetigerunttantum,
899 4327 1125 4409 Aristophanis
1148 4326 1322 4390 comoediis

226 4436 401 4500 tractandis
424 4456 554 4525 operam
575 4435 651 4502 dedi
671 4441 772 4518 atque
789 4455 859 4502 eam
879 4435 965 4502 viam
987 4455 1055 4501 sum
1076 4437 1254 4524 ingressus,
1288 4441 1323 4502 ut
