3100 4974
827 201 865 265 16

741 290 942 300 ...ι-...μ-

210 414 213 420 ⁴
289 406 547 490 repuer·aseers.“
584 404 672 471 Idem
696 405 737 469 ad
757 405 840 469 hane
860 404 1048 471 senteutiam
1063 399 1228 487 exemplis
1245 391 1417 460 illustran-

291 514 363 578 dam
383 513 551 597 pra'eolare
577 533 635 578 uos
662 514 824 595 admonet,
857 521 892 578 ut
925 515 1161 581 meminerimus
1193 491 1417 586 Strepsiadia

189 628 192 636 '
291 622 484 703 Philonidis,
519 621 748 705 Philotimum,
787 642 895 689 senum
925 644 1122 690 morosorum
1154 616 1420 705 ineptorumque

289 733 322 796 in
343 730 568 815 Aristophanis
591 732 773 798 comoediis.
817 733 930 817 Neque
959 733 1058 798 selum
1084 735 1142 799 illa
1170 719 1347 798 sententia
1371 728 1419 775 se*

289 846 449 905 nectutem
471 846 505 903 ut
525 840 690 905 molestam
712 842 859 924 castiget,
882 842 940 906 sed
962 844 1058 909 etiam
1078 865 1194 926 voees,
1224 851 1317 922 quae
1342 823 1420 890 suut

289 948 459 1032 ιορογὲρων
480 949 512 1012 in
536 950 608 1014 nub.
631 947 702 1013 908.
726 951 801 1035 Lys.
823 950 899 1034 335,
936 953 975 1017 de
1004 973 1067 1036 qua
1093 953 1188 1039 plura
1213 945 1338 1013 videas
1363 951 1418 1015 ap·
1512 1004 1513 1009 1

290 1057 435 1121 Eustath.
458 1058 499 1120 ad
517 1058 608 1123 Hom.
632 1058 692 1124 Od.
709 1061 746 1134 Β,
768 1058 810 1120 39
832 1067 865 1124 et
886 1061 1073 1144 τομβογέρων
1095 1062 1129 1125 iu
1143 1063 1223 1146 LyS.
1242 1049 1322 1119 372.
1340 1038 1418 1108 600·

288 1187 378 1251 vesp.
401 1164 481 1228 1365
505 1166 543 1249 (ὦ
569 1166 688 1251 τόρβε),
722 1169 775 1232 eui
808 1174 858 1232 est
883 1169 995 1233 similis
1020 1170 1124 1236 Plaut.
1147 1170 1215 1235 mil.
1241 1163 1332 1248 glor.
1357 1147 1412 1218 ῙΠ

292 1273 365 1338 133:
391 1275 560 1359 capularis.

387 1384 468 1450 Item
493 1385 576 1450 male
603 1385 755 1450 audiebat
787 1385 873 1467 apud
907 1386 1054 1469 antiquos
1087 1393 1201 1470 poetas
1231 1379 1415 1449 mulierum
1514 1380 1515 1417 l

293 1515 403 1578 genus,
424 1494 524 1558 veluti
546 1494 579 1556 in
601 1494 675 1576 Lys.
696 1492 781 1556 '1038
803 1493 951 1575 legimus:

440 1625 522 1690 κᾶστ’
546 1626 638 1689 ἐκεῖνο
662 1624 768 1694 τοῦπος
791 1625 888 1710 ὀρθῶς
911 1625 963 1688 καθ
982 1630 1079 1695 κακῶς
1100 1625 1262 1712 εἰρημένον,

440 1735 507 1798 οὔτε
529 1734 579 1798 σὺν
602 1734 841 1817 πανωλέθροισιν,
867 1734 927 1797 οὔτ’
950 1734 1019 1800 ἄνευ
1041 1736 1259 1821 πανωλέθρων·

287 1871 342 1934 ubi
364 1871 490 1935 seilicet
511 1891 571 1955 per
597 1871 726 1955 ellipsin
754 1872 904 1935 omissum
933 1881 982 1935 est
1003 1875 1054 1953 ζῆν
1082 1869 1204 1933 δυνατόν
1227 1872 1316 1934 ἐστιν.
1363 1863 1402 1927 In

287 1979 418 2044 scholiis
441 1981 470 2042 h
492 1979 513 2041 l.
538 1979 624 2043 aliud
649 1980 793 2063 ejusdem
814 1980 941 2063 generis
964 1980 1169 2064 proverbium
1197 1981 1335 2065 legitur:
1369 1971 1400 2034 ἐν
1516 2040 1517 2051 ,

286 2088 425 2171 παροιμίᾳ
447 2091 531 2150 τοῦτο
554 2087 670 2170 ilerda:

531 2221 620 2285 κακὸν
642 2226 782 2303 γυναῖκες,
805 2221 872 2285 ἀλλ’
895 2222 975 2305 ὅμως
998 2223 1023 2285 ὦ
1045 2221 1169 2306 δημόται

530 2332 583 2394 οὐκ
605 2329 682 2394 ἔστιν
704 2331 787 2393 οἰκεῖν
810 2330 899 2393 οἰκίαν
922 2329 991 2394 ἄνευ
1014 2335 1115 2395 κανοῦ.

288 2466 427 2545 Quorum
452 2487 601 2531 versuum
629 2472 742 2531 auotor
770 2464 924 2530 Susariou
952 2473 1010 2531 est.
1056 2466 1096 2530 ef.
1119 2463 1254 2531 Meinek.
1281 2458 1388 2541 srgmt.

288 2598 367 2642 com.
389 2577 431 2658 ΙΙ,
454 2599 485 2660 p.
509 2574 538 2639 3.

388 2685 466 2749 Cum
490 2685 613 2749 divitiis
638 2685 799 2766 ignaviam
821 2703 892 2749 esse
914 2684 1127 2767 conjunctam,
1163 2688 1286 2747 veteres
1319 2694 1390 2763 pro·
1518 2694 1519 2709 ι

289 2797 402 2860 verbio
424 2795 543 2861 elocuti
567 2804 651 2873 sunt,
674 2794 758 2877 quod
787 2804 836 2858 est
858 2795 976 2855 δειλόν
999 2793 1015 2854 ὁ
1037 2796 1197 2859 πλοῦτος.
1242 2784 1390 2855 Ooourrit

288 2926 326 2970 ea
347 2906 469 2969 locutio
489 2907 522 2968 iu
545 2905 622 2987 plut.
645 2901 722 2970 203:
842 2924 844 2927 ·

507 3055 542 3139 νὴ
565 3054 614 3117 τόν
637 3053 689 3134 Δί’,
715 3050 794 3114 ἀλλὰ
816 3052 863 3114 καὶ
885 3051 1002 3133 λέγουσι
1025 3054 1130 3120 πάντες
1153 3055 1193 3121 ὡς

509 3163 676 3227 δειλότατον
698 3162 760 3224 ἐσθ’
784 3162 800 3223 ὁ
825 3159 965 3228 Πλοῦτος.

287 3329 320 3381 et
341 3337 392 3402 ap.
416 3316 526 3400 Eurip.
554 3317 587 3378 in
608 3315 728 3378 Phoen.
751 3312 811 3374 597
842 3313 937 3374 δειλόν
966 3312 982 3374 ὁ
1005 3315 1131 3381 πλοῦτος
1157 3313 1204 3375 καὶ
1232 3307 1390 3396 φιλόψυχον

285 3426 374 3490 κακόν
397 3436 430 3492 et
449 3429 483 3491 in
499 3425 603 3507 irgmt.
624 3424 731 3507 Eurip.
748 3420 807 3483 2¹37
826 3422 891 3504 (ed.
907 3400 1032 3503 vindi:
1056 3424 1206 3503 πλουτεῖς;
1230 3421 1245 3482 ό
1268 3421 1392 3481 πλοῦτος

286 3539 311 3599 δ’
335 3536 445 3620 ἀμαθία
468 3535 564 3599 δειλόν
588 3533 615 3595 θ’
638 3533 708 3615 ἅμα.
752 3531 792 3596 df.
818 3531 937 3596 Zenob.
953 3530 1011 3610 ΠΙ,
1033 3529 1089 3596 35:
1112 3529 1238 3614 παρόσον
1261 3529 1287 3589 οἱ
1309 3527 1396 3588 πλού-

285 3669 339 3708 σιοι
361 3648 411 3713 τὰς
433 3645 521 3712 οἰκίας
545 3643 750 3727 ἀσφαλίζσνται
776 3639 823 3702 καὶ
850 3640 936 3708 κύνας
964 3639 1102 3724 τρέφουσι
1128 3639 1175 3701 καὶ
1196 3635 1309 3704 πολλὰς
1331 3635 1396 3696 ἑαο·

285 3761 342 3818 τῶν
366 3754 499 3839 φυλακὰς
522 3756 676 3816 ποιοῦνται.
928 3808 931 3816 ,

386 3866 491 3929 Valde
514 3866 679 3948 discrepat
701 3864 742 3925 ab
765 3862 824 3941 οἱα,
860 3879 941 3942 quae
965 3857 1082 3922 Graeci
1104 3855 1201 3937 vulgo
1226 3855 1266 3919 de
1287 3854 1399 3938 patria

286 3975 475 4055 sentiebant,
499 3975 714 4059 proverbium,
739 3969 826 4054 qued
850 3968 953 4033 estin
977 3966 1054 4049 plut.
1080 3962 1175 4026 1151:

421 4100 548 4183 πατρὶς
570 4100 639 4180 γάρ
662 4097 737 4159 ἐστι
759 4096 838 4157 πᾶσ’
861 4095 897 4154 ἶν’
919 4090 958 4153 ἂν
981 4093 1121 4174 πράττῃ
1143 4114 1192 4158 τις
1214 4086 1263 4151 εὖ.

386 4226 554 4308 Eloquitur
576 4247 645 4290 eam
668 4222 857 4289 sententiam
882 4217 1070 4300 Mercurius,
1093 4218 1147 4299 qui
1170 4235 1294 4297 exque
1317 4212 1395 4275 deus

288 4336 417 4404 Πλοῦτος
445 4337 603 4402 caecitate
624 4337 780 4401 liberatus
808 4338 859 4396 est
885 4348 1017 4410 eamque
1040 4330 1081 4392 oh
1103 4344 1232 4390 oausam
1252 4321 1394 4386 homiues
