3100 4974
796 303 839 366 30

715 391 915 400 ——n

264 500 297 564 in
311 520 378 565 ran.
396 499 452 565 93:
474 501 672 587 χελιδόνων
695 509 861 588 μουσεῖα,
885 507 998 591 quibus
1013 510 1122 574 verbis
1133 502 1365 594 Aristophanes

263 611 369 694 poetis
384 612 477 675 mulis
501 612 615 677 aetatis
639 633 715 678 suae
732 615 844 697 illudit,
865 623 901 680 ut
923 618 1112 684 scholiastes
1134 620 1245 686 refert:
1268 642 1365 704 παρα·

264 718 314 801 μία
334 719 380 782 ἐπὶ
402 726 458 784 τῶν
481 719 655 804 πολυλόηων
678 721 724 784 καὶ
748 723 888 809 ἐπαχθῶν
910 727 1084 811 ταττομένη·
1107 730 1233 791 τοιοῦτον
1255 728 1310 810 ηολρ
1332 727 1366 791 τὸ

263 832 322 891 τῶν
345 828 505 913 χελιδόνων
527 830 616 914 γένος,
638 831 728 895 πλέον
756 833 804 896 διὰ
833 837 865 898 τὸ
896 836 1045 920 πολὺτῆς
1077 833 1157 922 ᾠδῆς
1184 836 1269 900 ἀνιῶν
1298 837 1367 906 τοὺς
1452 843 1454 848 ’

264 937 423 1007 ἀκούοντας
444 938 463 1020 ἢ
487 938 534 1002 διὰ
556 944 589 1003 τὸ
612 940 702 1025 μέλος
716 944 878 1028 εὐφραῖνον.
913 947 997 1011 Voci
1019 949 1101 1012 enim
1116 947 1242 1031 χελιδών
1263 947 1296 1012 iu
1310 968 1366 1012 ore

264 1047 351 1130 vulgi
374 1048 568 1129 significatio
590 1052 790 1134 garrulitatis
823 1063 855 1118 et
886 1056 1094 1137 loquacitatis
1116 1057 1235 1138 inerat,
1266 1057 1368 1121 veluti

263 1156 297 1218 iu
318 1177 384 1219 ran.
409 1154 486 1219 679:
508 1153 718 1243 Κλεοφῶντος·
741 1159 787 1242 ἐφ’
810 1159 844 1220 οὔ
867 1160 903 1242 θη
926 1162 1053 1244 χείλεσιν
1077 1164 1251 1248 ἀμφιλάλοις

564 1305 655 1368 δεινὸν
676 1306 859 1392 ἐπιβρέμεται

565 1413 677 1499 Θρηκία
699 1415 825 1501 χελιδών

563 1523 609 1586 tal
632 1525 777 1609 βάρβαρον
798 1522 920 1608 ἑζομένη
942 1522 1077 1607 πέταλον,

263 1699 317 1762 ubi
340 1705 437 1783 poeta
460 1699 653 1783 Cleophonti
675 1700 800 1782 irridet,
833 1702 957 1783 diesne,
978 1702 1079 1766 iahris
1102 1702 1171 1786 ejus
1193 1703 1364 1768 Thraciam

263 1806 461 1873 hirundinem
494 1809 645 1874 insidere.
688 1810 813 1875 Vocem
843 1811 970 1895 χελιδών
1002 1812 1144 1895 explicat
1176 1812 1364 1876 scholiastes

263 1937 322 2000 per
336 1916 515 1982 inardescis.
552 1918 700 1983 Hirundo
721 1921 903 1984 nominatur
928 1921 1078 2002 Thracia,
1101 1920 1185 2003 quod
1201 1920 1365 2003 Cleophou

263 2046 283 2090 e
304 2033 399 2108 gente
417 2028 557 2091 Thracia
580 2036 671 2092 natus
694 2036 771 2092 erat.
812 2029 953 2094 Eandem
968 2030 1262 2113 interpretationem
1277 2049 1367 2112 prae·

263 2136 318 2200 bet
339 2136 461 2199 Erasm.
484 2158 514 2220 p.
538 2134 600 2197 309
631 2146 700 2217 „est
721 2138 800 2202 haec
824 2139 893 2201 avis
917 2139 1043 2203 minime
1065 2158 1197 2217 canora,
1227 2138 1283 2202 sed
1304 2159 1367 2203 mo·

263 2244 346 2310 lesio
369 2246 506 2329 quodam
529 2247 681 2329 stridore,
715 2247 800 2311 unde
828 2247 912 2331 arrad
936 2247 1170 2331 Pythagoricos
1192 2247 1367 2330 loquacita-

264 2355 306 2418 tis
329 2355 503 2437 symbolum
526 2374 596 2419 esse
617 2357 745 2436 meruit,
770 2377 840 2420 enm
862 2361 984 2436 vetant,
1013 2358 1144 2439 nequis
1166 2356 1365 2420 hirundinem

265 2466 323 2528 snb
346 2465 459 2529 eodem
480 2465 599 2528 habeat
620 2467 736 2530 tect0.“

365 2574 472 2638 Etiam
494 2594 604 2637 vocem
628 2575 747 2656 κρώζειν
769 2577 803 2638 in
825 2595 884 2638 usu
905 2575 1032 2656 vulgari
1054 2575 1161 2647 fuisse,
1186 2573 1305 2637 dictam
1327 2573 1367 2637 de

265 2682 453 2766 loquacibus
475 2684 668 2765 homiuibus,
700 2685 906 2766 intelligimus
935 2704 975 2747 ex
996 2684 1074 2767 plut.
1097 2680 1159 2744 369
1181 2681 1215 2744 σὺ
1238 2681 1289 2765 μὲν
1313 2678 1366 2743 οἶδ’

266 2790 282 2853 θ
305 2792 432 2874 κρώζεις,
454 2794 508 2856 ubi
531 2793 645 2858 schol:
679 2793 815 2877 παροιμία
838 2791 884 2855 ἐπὶ
905 2786 962 2854 τῶν
986 2795 1077 2876 μάτην
1098 2791 1297 2876 θρυλούντων,
1327 2793 1367 2858 ὡς

266 2901 294 2962 αἱ
315 2905 448 2984 κορῶναι.
474 2902 514 2966 cf.
539 2923 609 2984 equ.
639 2901 727 2966 1020.
755 2901 843 2964 1051.

366 3011 512 3085 Locutio,
536 3011 671 3094 quaein
695 3032 784 3095 vesp.
802 3010 862 3073 794
883 3011 974 3090 inest,
998 3031 1018 3073 a
1040 3009 1222 3074 scholiastis
1251 3009 1368 3073 omissa

267 3124 325 3183 est.
364 3119 436 3184 Hoc
459 3121 540 3184 enim
558 3121 629 3185 loco
647 3139 749 3184 sermo
765 3126 815 3184 est
836 3120 875 3184 de
892 3120 1050 3201 drachma,
1074 3140 1167 3202 quam
1180 3118 1367 3182 Philocleon

266 3236 299 3293 et
320 3227 517 3310 Lysistratus
539 3250 598 3313 pro
620 3230 779 3314 praemio,
808 3229 891 3313 quod
916 3228 1033 3292 Graeci
1061 3225 1295 3309 ἐκκλησιαστικόν
1316 3247 1368 3291 vo·

267 3344 349 3418 cant,
374 3345 576 3422 acceperunt.
612 3337 711 3415 Quam
726 3338 924 3421 Lysistratus
948 3329 1018 3399 cum
1045 3356 1101 3400 sex
1121 3336 1225 3399 obolis
1247 3357 1367 3420 permu-

266 3454 374 3529 tasset,
396 3468 456 3531 pru
473 3448 574 3511 tribus
591 3447 702 3527 obolis,
726 3466 805 3530 quos
820 3445 1019 3510 Philocleoui
1035 3445 1114 3510 dare
1136 3444 1282 3527 debebat,
1301 3453 1366 3510 tres

267 3576 414 3639 squamas
436 3557 543 3641 piscis.
560 3556 657 3621 dedit.
701 3555 888 3620 Philocleon
911 3576 982 3619 cum
1003 3576 1069 3637 eas,
1093 3575 1132 3620 nc
1155 3555 1313 3638 perderet,
1334 3556 1367 3619 iu

266 3687 303 3731 os
325 3667 566 3745 recondidisset,
589 3666 697 3748 sensit,
720 3685 754 3730 se
776 3685 848 3730 esse
871 3665 1040 3749 deceptum
1063 3671 1095 3729 et
1109 3663 1320 3747 Lysistratum
1335 3665 1367 3727 in
1390 3684 1401 3707 ν

263 3777 417 3858 judicium
443 3797 561 3841 vocare
586 3776 670 3858 vult,
703 3796 850 3856 narrans,
884 3775 1096 3859 Lysistratum
1134 3773 1214 3837 haec
1247 3772 1366 3837 dixisse

266 3889 383 3955 verba:
417 3884 657 3970 ἀλεκτρυόνος
690 3886 718 3969 μ’
741 3883 853 3970 ἔφασκε
885 3884 1022 3947 κοιλίαν
1059 3880 1172 3966 ἔχειν’
1200 3880 1275 3967 ταχὺ
1299 3884 1367 3964 γοῦν

266 3998 405 4083 καθέψεις
426 3996 590 4080 τάργύριον,
624 3993 643 4079 ἦ
666 3997 691 4057 δ’
715 3993 747 4062 ὅς
767 3998 870 4076 γελῶν.
927 3992 976 4057 Ad
998 3993 1099 4056 verba
1120 3991 1237 4074 ἀλεκτρ.
1260 3982 1368 4054 κοιλίαν

267 4105 346 4193 ἔχειν
369 4108 561 4192 explicanda
575 4106 668 4171 affert
688 4105 878 4169 scholiastes
901 4104 995 4166 haec:
1020 4099 1081 4161 ἐπεὶ
1103 4102 1196 4162 πάντα
1217 4099 1368 4162 πέττουσιν

267 4217 294 4279 ολ
316 4215 507 4301 ἀλεκτρυόνες
529 4216 710 4299 θερμοτάτην
733 4216 840 4276 κοιλίαν
864 4210 992 4297 ἔχοντες.
1036 4210 1108 4274 Non
1137 4210 1260 4290 dubito,
1293 4211 1367 4292 quin

268 4348 306 4392 ea
329 4329 428 4391 verba
450 4327 571 4392 locutio
594 4325 736 4407 vulgaris
757 4322 886 4402 fuerint,
920 4326 955 4385 ut
976 4327 1065 4385 recte
1086 4319 1182 4384 etiam
1205 4319 1320 4384 Suidas
1343 4339 1367 4382 s.

267 4458 297 4503 v.
321 4439 437 4521 άλεκτμ.
461 4441 601 4515 annotat,
635 4436 825 4516 quamquam
845 4431 1061 4498 Bernhardius
1082 4430 1183 4494 verba
1205 4428 1251 4491 καὶ
1273 4451 1367 4513 παροι·
