3100 4974
718 281 757 344 81

189 486 346 551 cntionem
369 485 552 551 adhibuisse
576 486 638 548 hoo
664 478 775 548 modo:
809 481 900 564 ὅρμου
921 451 1062 565 παρόντας
1083 477 1134 563 τὴν
1158 475 1286 559 ἀτραπὸν

188 593 355 679 seraphina,
378 595 578 660 tradiderunt
593 594 725 656 Photius
741 615 771 676 p.
788 589 902 671 3lb‚l2
925 599 957 654 et
972 588 1096 654 Suidas
1122 587 1160 652 cf.
1181 588 1285 672 frgmt.

189 703 258 770 143.
296 704 417 781 Quodsi
438 704 559 767 Erasm.
583 724 613 784 p.
631 701 688 763 701
712 699 882 764 locutionis
905 700 969 762 vim
990 699 1074 761 hanc
1100 716 1171 762 esse
1193 695 1284 760 dicit:

190 814 377 893 „conveniet
400 813 547 894 adagium
568 812 601 874 in
623 803 881 892 tergiversantes
906 808 1038 891 quiquo
1061 822 1214 890 praesens
1237 822 1299 871 ne»

187 923 307 1005 gotium
329 921 491 1004 sulligiant
505 919 696 983 diverticula
714 917 873 1002 captant“,
895 916 976 981 hanc
992 915 1286 1001 interpretationem

188 1032 396 1115 comprobare
419 1050 481 1093 non
516 1048 656 1112 possum,
688 1045 791 1109 neque
823 1025 904 1105 scio,
938 1023 1021 1088 unde
1043 1023 1194 1088 Erasmus
1217 1041 1286 1087 earn

186 1140 348 1224 petiverit.

284 1281 374 1346 Idem
396 1279 557 1362 significat
577 1278 710 1356 locutio,
745 1294 828 1359 quae
855 1282 905 1339 est
931 1273 1024 1341 ὅστις
1053 1270 1127 1335 οἶδε
1147 1270 1184 1334 τὸ
1208 1274 1286 1334 leo·

185 1388 284 1471 κὸνῆ
312 1388 348 1452 τὸ
380 1388 504 1474 μέλαν,
537 1408 630 1471 quam
658 1385 906 1468 Aristophanem
931 1383 965 1445 in
990 1402 1060 1466 equ.
1092 1379 1172 1444 1279
1202 1400 1288 1445 usur·

184 1517 296 1582 passe:
396 1561 400 1570 .

326 1637 375 1702 νόν
397 1639 422 1700 δ’
440 1634 618 1719 Ἀρίγνωτον
639 1633 695 1717 γὰρ
718 1633 812 1702 οὐδεὶς
835 1631 911 1699 ὄατις
933 1632 986 1694 oda
1009 1629 1165 1704 ἐπίσταται,

331 1746 408 1813 ὅστις
428 1744 448 1826 ἢ
469 1747 507 1806 τὸ
530 1743 655 1807 leonte
678 1741 754 1806 οἶδεν
775 1740 794 1824 ἢ
816 1745 872 1804 τὸν
896 1738 1014 1825 ὄρθιον
1036 1737 1155 1822 νόμον,

181 1889 249 1973 jam
272 1886 477 1951 Aristarchus
500 1885 736 1967 animadvertit,
767 1891 849 1949 teste
873 1882 1063 1948 scholiasta:
1091 1879 1288 1966 Ἀρίσταρχος·

185 1994 265 2079 παρὰ
287 1992 320 2057 τὸ
344 1991 498 2076 λεγόμενον
533 1992 652 2075 „darre
687 1991 761 2055 alde
793 1990 830 2054 τθ
864 1989 989 2054 λευκὸν
1021 1989 1040 2072 ἢ
1073 1990 1110 2052 τὸ
1144 1988 1287 2074 μέλαν”,
1323 2003 1325 2007 ’

185 2124 278 2186 quam
300 2104 491 2168 locutionem
515 2104 596 2167 alius
619 2103 807 2166 scholiastes
829 2098 971 2186 explicat
993 2100 1054 2163 sic:
1082 2099 1221 2183 παροιμία
1242 2098 1288 2162 ἐπὶ

184 2216 241 2274 τῶν
264 2212 337 2273 πάνυ
365 2216 507 2296 φανερῶν.
555 2213 606 2276 Ad
634 2211 858 2296 Aristophanis
891 2229 1017 2274 versum
1049 2206 1288 2292 intelligendum

184 2321 264 2386 haec
287 2312 360 2385 sunt
381 2320 559 2387 afferenda:
582 2329 699 2406 poetae
719 2322 824 2385 nostri
845 2320 1044 2408 temporibus
1068 2318 1129 2382 duo
1149 2317 1288 2382 modula·

184 2431 305 2493 tionum
327 2448 446 2512 genera
468 2431 632 2495 celebrata
654 2437 752 2511 erant,
775 2451 907 2513 quorum
923 2432 1058 2494 alterum
1079 2426 1094 2489 ὁ
1118 2425 1222 2492 λευκὸς
1243 2423 1288 2487 rd-

183 2561 245 2623 ρος,
272 2539 405 2603 alterum
429 2538 444 2600 ὁ
468 2536 566 2622 ὄρθιος
588 2537 674 2622 νόμος
694 2541 880 2620 vocabatur,
904 2538 989 2620 qnod
1010 2535 1288 2621 praecipueArig·

182 2656 277 2713 notus
311 2649 496 2731 exercebat3
531 2656 728 2732 quapropter
760 2656 857 2733 poeta
884 2647 1092 2712 reminiscens
1113 2642 1286 2709 locutionis

183 2756 260 2826 ὄοτις
281 2754 342 2820 οἶδε
364 2755 398 2819 τὸ
422 2756 526 2819 λευκὸν
548 2755 567 2838 ἢ
590 2757 624 2818 τὸ
648 2757 739 2839 μέλαν
761 2778 821 2841 pro
843 2756 876 2818 τὸ
901 2756 992 2839 μέλαν
1016 2754 1098 2818 dixit
1118 2752 1167 2814 τὸν
1190 2749 1287 2836 ὄρθιον

183 2863 279 2950 νόμον.
313 2866 381 2930 Nos
404 2885 530 2948 quoque
551 2865 698 2930 similiter
712 2866 821 2930 dicere
837 2862 974 2930 solemus
999 2865 1075 2944 „das
1099 2862 1182 2927 sieht
1203 2859 1286 2924 doch
1334 2914 1337 2918 Α

185 2974 290 3057 leder,
315 2975 372 3039 der
394 2975 537 3067 schwarz
560 2994 622 3037 von
644 2975 738 3039 weiss
761 2975 1007 3039 unterscheiden
1029 2973 1144 3036 kann“.
1189 2968 1286 3052 Apud

184 3081 344 3148 Romanos
366 3083 520 3147 locutioni
544 3082 655 3162 „albus
678 3104 718 3146 an
739 3091 809 3148 ater
832 3084 876 3146 sis
898 3083 1026 3147 nescio“
1056 3071 1121 3145 alia
1142 3079 1191 3142 vis
1216 3078 1285 3140 sub·

180 3191 270 3274 jecta
292 3197 376 3272 erat;
410 3191 560 3256 dicebant
582 3191 663 3256 enim
685 3191 823 3255 Romani
844 3192 926 3255 hanc
948 3190 1141 3255 locutionem
1167 3190 1207 3253 de
1229 3189 1284 3268 eis,

184 3321 264 3382 quos
285 3321 417 3385 prorsus
438 3299 647 3384 negligerent,
669 3300 769 3365 veluti
791 3300 907 3364 Catull.
931 3297 1015 3379 932:

327 3451 373 3513 nil
394 3453 522 3516 nimium
543 3450 664 3531 studeo,
688 3451 816 3531 Caesar,
837 3451 898 3517 tibi
919 3451 1004 3515 velle
1025 3450 1163 3534 placere,

325 3579 384 3622 nec
407 3561 499 3640 scire,
521 3570 624 3624 utrum
646 3562 691 3625 sis
713 3561 805 3625 albus
828 3582 870 3624 an
891 3568 960 3626 ater
981 3559 1085 3625 home.

285 3709 352 3774 oio.
375 3708 515 3793 Philipp.
537 3709 579 3790 Il,
605 3710 657 3773 16:
691 3710 869 3795 etquidem
891 3710 978 3790 vide,
1003 3729 1095 3791 quam
1118 3713 1150 3772 te
1172 3707 1287 3770 amarit

184 3820 222 3903 is,
245 3820 298 3903 qui
322 3819 412 3883 albus
442 3826 553 3884 aterve
575 3817 673 3884 fueris
694 3821 846 3903 ignorans
869 3818 978 3882 fratris
993 3817 1091 3881 filium
1107 3815 1284 3899 praeteriit.

284 3961 397 4026 Tertia
418 3959 560 4044 ejusdem
584 3954 828 4044 significationis
856 3961 976 4027 locutio
1009 3967 1072 4024 est:
1104 3962 1148 4041 τῷ
1180 3959 1283 4042 τοφλιρ
1341 3988 1343 3995 ·

184 4072 291 4154 δῆλον,
326 4071 674 4155 quam'Aristophanes
707 4071 739 4134 in
772 4071 850 4155 plut.
873 4068 914 4132 48
948 4068 1130 4152 usurparit:
1164 4066 1211 4128 καὶ
1242 4070 1285 4150 τῷ

183 4181 286 4264 τυφλῷ
308 4184 413 4261 γνῶναι
435 4179 519 4241 δοκεῖ
536 4182 631 4262 τοῦτο,
651 4180 704 4244 uhi
721 4180 823 4244 schol:
847 4179 982 4262 παροιμία
997 4175 1065 4258 ἐστὶ,
1088 4175 1191 4260 τυφλῷ
1208 4175 1286 4258 δῆλα

184 4285 221 4349 τὰ
244 4287 398 4372 μαρτύρια,
432 4287 482 4352 vel
505 4289 592 4352 utin
615 4289 701 4355 aliis:
733 4286 967 4372 superpartienti,
996 4289 1039 4370 τῷ
1059 4288 1163 4370 taphni
1185 4285 1284 4367 δῆλον,

185 4394 231 4458 ἐπὶ
251 4402 310 4460 τῶν
332 4395 408 4459 odra
430 4397 622 4482 ααρεατοίτιον
645 4396 798 4482 λεγομένη.

1170 4509 1187 4561 6
