3100 4974
781 257 821 319 62

700 345 900 354 ———.

250 457 356 536 Quare
388 460 483 523 etiam
509 458 627 522 Zenob.
652 458 693 537 IL
716 458 758 520 50
790 479 860 523 eam
884 460 916 523 iu
948 480 1078 525 numero
1108 463 1351 544 proverbiorum

250 568 366 650 posuit.
411 565 561 631 Occurrit
582 567 695 631 eadem
717 588 767 652 ap.
790 569 924 632 Aristid.
947 569 980 631 in
1003 569 1092 633 Pana
1106 570 1136 633 h.
1162 568 1281 653 196‚14.
1311 594 1314 598 ⁴

294 708 296 713 ’
350 692 471 756 Eodem
493 693 585 756 modo
617 713 669 757 res
703 712 737 757 se
759 694 857 758 habet
877 695 910 757 iu
935 694 1010 777 Lys.
1033 694 1133 778 sele,
1157 697 1212 760 ubi
1235 698 1350 762 chorus

197 854 210 865 .
250 821 356 865 senum
380 801 420 865 dc
441 802 625 865 mulieribus
647 802 727 866 haec
751 803 845 868 dicit:

349 906 423 988 alls
438 925 508 1009 ἐμοῦ
532 926 583 1008 μὲν
606 926 639 988 ού
663 927 893 1010 τυραννεύσουσ’,
916 927 978 990 ἐπεὶ
1000 930 1166 1012 φυλάξομαι

349 1036 405 1096 καὶ
427 1036 570 1119 φορήσω
592 1035 629 1097 τὸ
653 1035 751 1120 ξίφος
774 1038 810 1096 τὸ
834 1037 955 1099 λοιπὸν
975 1038 1008 1100 ἐν
1032 1038 1161 1122 μύρτου
1183 1042 1299 1124 uiridi,

249 1152 302 1225 ubi
325 1162 514 1226 scholiastes
533 1163 713 1242 annotavit,
746 1182 871 1226 versum
899 1164 1031 1228 alterurn
1056 1187 1095 1230 ex
1117 1167 1256 1232 camnine
1279 1188 1349 1231 con·

248 1270 347 1334 rivali
368 1245 592 1355 depromptum·
612 1291 691 1351 esse,
715 1270 798 1353 quod
819 1270 858 1333 de
877 1271 1052 1335 Harmodio
1075 1282 1108 1338 et
1129 1277 1349 1364 Aristogitone

248 1380 457 1463 compositum
480 1387 577 1461 esset;
611 1380 702 1462 cujus
726 1387 887 1443 auctorem
910 1379 1127 1444 Callistratum
1156 1382 1271 1464 fuisse,
1305 1386 1348 1448 iu·

250 1488 423 1571 telligimus
446 1509 485 1552 ex
507 1487 627 1553 adnott.
651 1488 692 1551 ad
713 1490 797 1572 App.
821 1489 862 1570 Il,
884 1485 932 1551 64.

247 1708 288 1829 V.
330 1763 375 1832 be
413 1762 634 1832 locutionibus
672 1761 950 1847 proverbialibus,
986 1779 1070 1847 uuae
1107 1762 1148 1831 ab
1182 1763 1343 1833 institutis

547 1872 740 1958 quibusdam
763 1871 939 1956 proiectae
961 1872 1049 1941 suut.

348 2068 396 2131 lle
429 2068 600 2132 certamine
633 2073 781 2150 prompta
811 2074 861 2131 est
887 2067 1028 2147 locutio,
1060 2085 1141 2147 quse
1171 2072 1220 2130 est
1254 2064 1348 2147 ἄγων

249 2180 375 2260 σκῆψιν
408 2177 446 2238 οὐ
481 2175 642 2259 δέχεται,
677 2177 766 2257 cujus
798 2175 916 2239 mentio
950 2174 986 2237 fit
1018 2176 1050 2236 iu
1077 2174 1157 2238 Ach.
1186 2173 1261 2256 392,
1295 2177 1349 2239 ubi

249 2287 364 2348 chorus
385 2286 639 2349 Acharnensium
661 2284 872 2368 Dicaeopolin
899 2283 1164 2365 tergiversantem
1193 2286 1241 2347 sio
1274 2285 1350 2348 allo-

248 2395 368 2476 quitur:

399 2502 425 2565 τὶ
446 2503 538 2564 ταῦτα
560 2502 677 2584 στρέφει
698 2502 844 2584 τεχνάζεις
866 2522 899 2562 τε
913 2484 967 2560 «καὶ
989 2500 1114 2582 πορίζεις
1136 2501 1247 2585 τριβάςς

399 2611 471 2698 λαβὲ
494 2612 519 2672 δ’
543 2610 615 2695 ἐμοῦ
636 2612 662 2692 γ’
684 2609 770 2671 ἕνεκα
788 2608 855 2691 παρ’
873 2606 1049 2689 Ἱερωνύμου

397 2714 735 2804 σκοτοδασυπυκνότριχά
756 2719 804 2782 τιν’
827 2719 926 2788 Ἄϊδος
948 2723 1046 2802 κυνῆν.

398 2828 448 2893 εἴτ’
472 2829 598 2910 ἐξάνοιγε
621 2827 753 2913 μηχανὰς
775 2829 826 2896 τὰς
849 2827 977 2912 Σισύφου

399 2941 439 3006 ὡς
467 2942 593 3018 σκῆψιν
621 2938 714 3019 ἁγὼν
741 2935 824 3005 οὖτος
846 2938 900 3002 οὐκ
926 2936 1120 3005 ἐςδέὲεταιι

249 3075 366 3139 Forma
387 3072 557 3136 locutionis
579 3072 671 3134 varia
703 3078 785 3137 erat:
820 3073 951 3136 eandem
983 3072 1117 3155 legimus
1140 3092 1190 3154 ap.
1213 3070 1299 3135 Suid.
1323 3090 1348 3134 s.

248 3207 278 3248 v.
302 3183 397 3266 ἀγώνς
420 3179 572 3262 παροιμία·
610 3181 707 3261 „cipis
730 3179 764 3243 ού
798 3179 917 3263 δέχεται
950 3180 1103 3263 σκήψεις“·
1138 3180 1271 3241 τάττεται
1304 3179 1376 3240 ἐπὶ·

247 3296 304 3354 τῶν
328 3289 418 3372 μηδέν
436 3287 616 3369 ὀνιναμένιυν,
640 3287 664 3347 εἰ
685 3290 851 3371 arripuero.
889 3288 978 3351 Idem
993 3288 1125 3351 alteram
1148 3287 1244 3366 addit,
1268 3309 1350 3370 quse

249 3410 299 3465 est
321 3399 399 3478 ἀγὼν
423 3394 564 3477 πρόφασιν
588 3396 641 3455 οὐκ
657 3393 803 3475 ἀναμένει;
827 3396 954 3458 tertiam
969 3396 1092 3458 notavit
1107 3396 1205 3459 schol.
1221 3395 1349 3462 Platon.

249 3533 280 3593 p.
297 3506 359 3569 370
381 3505 436 3587 (ed
452 3504 593 3586 Bekker)
617 3502 696 3583 ἀγὼν
712 3500 853 3584 πρόφασιν
875 3501 908 3563 οὐ
925 3501 1055 3587 δέχεται;
1078 3504 1214 3589 donique
1230 3507 1349 3572 Zenob.

248 3618 288 3696 H,
310 3615 352 3677 45
375 3615 506 3697 scripsit
528 3614 608 3693 ἀγὼν
630 3609 771 3696 πρόφασιν
794 3610 847 3671 οὐκ
869 3610 1042 3697 ἐπιδέχεται,
1066 3613 1133 3676 υύτε
1155 3616 1243 3698 φιλία·
1286 3617 1349 3680 His

247 3726 463 3791 locutionibus
486 3724 639 3803 omnibus,
662 3741 881 3805 quamcunque
903 3722 1035 3787 formam
1058 3725 1206 3804 habeant,
1243 3735 1349 3791 tamen

250 3836 382 3902 candem
405 3834 592 3899 seutentiam
615 3832 792 3914 subjectam
815 3851 900 3902 esse,
934 3853 1025 3896 nemo
1048 3841 1108 3913 est,
1142 3834 1195 3915 qui
1222 3854 1284 3897 non
1305 3835 1349 3897 in·
1405 3886 1408 3893 .

249 3946 390 4029 tellegat.
436 3947 608 4006 Auctorem
631 3942 800 4004 locutionis
823 3943 954 4024 Ibycum
976 3942 1112 4023 Regium
1143 3943 1254 4025 luisse,
1288 3964 1349 4008 me·

248 4056 368 4119 moriae
400 4053 535 4117 tradidit
560 4051 670 4131 Mylou
703 4050 1007 4134 paroemicgraphus
1041 4070 1091 4133 ap.
1119 4050 1237 4116 Zenob.
1264 4053 1285 4117 l.
1319 4074 1347 4116 c.

250 4163 319 4240 Qua
341 4163 380 4227 de
403 4183 438 4227 re
460 4163 552 4243 plura
574 4159 721 4224 conseras
743 4160 775 4221 in
798 4164 964 4221 comment.
981 4158 1022 4220 ad
1036 4158 1125 4242 lbyci
1141 4160 1220 4243 Reg.
1244 4161 1347 4242 lrgmt.

249 4272 364 4338 XXlll
386 4272 448 4354 (ed.
473 4266 729 4348 Schneidewin).
773 4266 834 4329 Vis
867 4267 1039 4332 locutionis
1070 4267 1238 4333 manifesta
1260 4290 1348 4355 aper·

249 4388 350 4463 taque
368 4377 729 4461 ‚cunctabundum
752 4373 792 4438 de
814 4376 875 4457 eis,
909 4375 962 4459 qui
987 4376 1161 4457 periculum
1182 4379 1347 4453 imminens
