<?xml version="1.0" encoding="UTF-8"?>
<!DOCTYPE html PUBLIC "-//W3C//DTD XHTML 1.0 Transitional//EN"
    "http://www.w3.org/TR/xhtml1/DTD/xhtml1-transitional.dtd">
<html xmlns="http://www.w3.org/1999/xhtml" xml:lang="en" lang="en">
 <head>
  <title>
</title>
<meta http-equiv="Content-Type" content="text/html;charset=utf-8" />
  <meta name='ocr-system' content='tesseract 3.04.00' />
  <meta name='ocr-capabilities' content='ocr_page ocr_carea ocr_par ocr_line ocrx_word'/>
</head>
<body>
  <div class='ocr_page' id='page_1' title='image "./deproverbiisali01baucgoog_0088.png"; bbox 0 0 3100 4974; ppageno 0'>
   <div class='ocr_carea' id='block_1_1' title="bbox 697 219 736 283">
    <p class='ocr_par' dir='ltr' id='par_1_1' title="bbox 697 219 736 283">
     <span class='ocr_line' id='line_1_1' title="bbox 697 219 736 283; baseline -0.077 0"><span class='ocrx_word' id='word_1_1' title='bbox 697 219 736 283; x_wconf 79' lang='lat'>79</span> 
     </span>
    </p>
   </div>
   <div class='ocr_carea' id='block_1_2' title="bbox 614 308 813 316">
    <p class='ocr_par' dir='ltr' id='par_1_2' title="bbox 614 308 813 316">
     <span class='ocr_line' id='line_1_2' title="bbox 614 308 813 316; baseline -0.015 0"><span class='ocrx_word' id='word_1_2' title='bbox 614 308 813 316; x_wconf 73' lang='lat'><em>-—-—-—</em></span> 
     </span>
    </p>
   </div>
   <div class='ocr_carea' id='block_1_3' title="bbox 307 416 1093 507">
    <p class='ocr_par' dir='ltr' id='par_1_3' title="bbox 307 416 1093 507">
     <span class='ocr_line' id='line_1_3' title="bbox 307 416 1093 507; baseline -0.005 -24"><span class='ocrx_word' id='word_1_3' title='bbox 307 424 372 490; x_wconf 79' lang='grc' dir='ltr'>παῖς</span> <span class='ocrx_word' id='word_1_4' title='bbox 394 421 444 507; x_wconf 78' lang='grc' dir='ltr'>μὲν</span> <span class='ocrx_word' id='word_1_5' title='bbox 467 418 574 507; x_wconf 80' lang='grc' dir='ltr'><strong>ἄνηβος</strong></span> <span class='ocrx_word' id='word_1_6' title='bbox 596 420 652 484; x_wconf 84' lang='grc' dir='ltr'>ἐὼν</span> <span class='ocrx_word' id='word_1_7' title='bbox 675 417 718 483; x_wconf 88' lang='grc' dir='ltr'>ἔτι</span> <span class='ocrx_word' id='word_1_8' title='bbox 736 421 837 504; x_wconf 38' lang='grc' dir='ltr'>,νήπιος</span> <span class='ocrx_word' id='word_1_9' title='bbox 859 418 942 503; x_wconf 81' lang='grc' dir='ltr'>ἕρκος</span> <span class='ocrx_word' id='word_1_10' title='bbox 965 416 1093 481; x_wconf 79' lang='grc' dir='ltr'>ὀδόντων</span> 
     </span>
    </p>
   </div>
   <div class='ocr_carea' id='block_1_4' title="bbox 159 525 1271 4432">
    <p class='ocr_par' dir='ltr' id='par_1_4' title="bbox 309 525 952 614">
     <span class='ocr_line' id='line_1_4' title="bbox 309 525 952 614; baseline 0.002 -23"><span class='ocrx_word' id='word_1_11' title='bbox 309 532 402 613; x_wconf 81' lang='grc' dir='ltr'>φύσας</span> <span class='ocrx_word' id='word_1_12' title='bbox 424 530 562 614; x_wconf 83' lang='grc' dir='ltr'>ἐκβάλλει</span> <span class='ocrx_word' id='word_1_13' title='bbox 583 534 695 612; x_wconf 87' lang='grc' dir='ltr'>πρῶτον</span> <span class='ocrx_word' id='word_1_14' title='bbox 717 529 747 591; x_wconf 81' lang='grc' dir='ltr'>ἐν</span> <span class='ocrx_word' id='word_1_15' title='bbox 769 528 830 591; x_wconf 73' lang='grc' dir='ltr'>ἕπτ’</span> <span class='ocrx_word' id='word_1_16' title='bbox 853 525 952 592; x_wconf 82' lang='grc' dir='ltr'>ἔτεσιν.</span> 
     </span>
    </p>

    <p class='ocr_par' dir='ltr' id='par_1_5' title="bbox 166 636 1267 1376">
     <span class='ocr_line' id='line_1_5' title="bbox 166 636 1265 723; baseline -0.003 -19"><span class='ocrx_word' id='word_1_17' title='bbox 166 641 269 704; x_wconf 85' lang='lat' dir='ltr'>Plaut</span> <span class='ocrx_word' id='word_1_18' title='bbox 300 639 464 704; x_wconf 91' lang='lat' dir='ltr'>Menaech.</span> <span class='ocrx_word' id='word_1_19' title='bbox 495 636 588 704; x_wconf 84' lang='lat'>1116:</span> <span class='ocrx_word' id='word_1_20' title='bbox 622 639 818 723; x_wconf 79' lang='lat' dir='ltr'>septuennis:</span> <span class='ocrx_word' id='word_1_21' title='bbox 852 659 923 702; x_wconf 89' lang='lat' dir='ltr'>nam</span> <span class='ocrx_word' id='word_1_22' title='bbox 955 647 1020 702; x_wconf 92' lang='lat' dir='ltr'>tum</span> <span class='ocrx_word' id='word_1_23' title='bbox 1053 638 1163 702; x_wconf 89' lang='lat' dir='ltr'>dentes</span> <span class='ocrx_word' id='word_1_24' title='bbox 1189 638 1265 701; x_wconf 91' lang='lat' dir='ltr'>mihi</span> 
     </span>
     <span class='ocr_line' id='line_1_6' title="bbox 168 746 1265 832; baseline -0.002 -19"><span class='ocrx_word' id='word_1_25' title='bbox 168 749 327 813; x_wconf 78' lang='lat' dir='ltr'>cadebant</span> <span class='ocrx_word' id='word_1_26' title='bbox 348 748 523 832; x_wconf 91' lang='lat' dir='ltr'>primulum.</span> <span class='ocrx_word' id='word_1_27' title='bbox 567 751 640 814; x_wconf 68' lang='grc' dir='ltr'>δον.</span> <span class='ocrx_word' id='word_1_28' title='bbox 665 746 862 831; x_wconf 68' lang='lat' dir='ltr'>lopo-11:</span> <span class='ocrx_word' id='word_1_29' title='bbox 896 769 966 811; x_wconf 90' lang='lat' dir='ltr'>cum</span> <span class='ocrx_word' id='word_1_30' title='bbox 989 747 1141 829; x_wconf 90' lang='lat' dir='ltr'>septimus</span> <span class='ocrx_word' id='word_1_31' title='bbox 1165 767 1265 811; x_wconf 87' lang='lat' dir='ltr'>annus</span> 
     </span>
     <span class='ocr_line' id='line_1_7' title="bbox 167 855 1266 940; baseline -0.003 -18"><span class='ocrx_word' id='word_1_32' title='bbox 167 857 331 922; x_wconf 86' lang='lat' dir='ltr'>transierit</span> <span class='ocrx_word' id='word_1_33' title='bbox 353 878 492 940; x_wconf 89' lang='lat' dir='ltr'>puerum,</span> <span class='ocrx_word' id='word_1_34' title='bbox 516 858 652 921; x_wconf 89' lang='lat' dir='ltr'>nondum</span> <span class='ocrx_word' id='word_1_35' title='bbox 675 858 758 922; x_wconf 90' lang='lat' dir='ltr'>omni</span> <span class='ocrx_word' id='word_1_36' title='bbox 781 857 875 922; x_wconf 89' lang='lat' dir='ltr'>dente</span> <span class='ocrx_word' id='word_1_37' title='bbox 897 865 1018 938; x_wconf 86' lang='lat' dir='ltr'>renato,</span> <span class='ocrx_word' id='word_1_38' title='bbox 1041 863 1101 920; x_wconf 93' lang='lat' dir='ltr'>etc.</span> <span class='ocrx_word' id='word_1_39' title='bbox 1135 855 1206 920; x_wconf 89' lang='lat' dir='ltr'>Hac</span> <span class='ocrx_word' id='word_1_40' title='bbox 1227 876 1266 921; x_wconf 87' lang='lat' dir='ltr'>ex</span> 
     </span>
     <span class='ocr_line' id='line_1_8' title="bbox 167 961 1264 1050; baseline -0.004 -20"><span class='ocrx_word' id='word_1_41' title='bbox 167 987 203 1031; x_wconf 86' lang='lat' dir='ltr'>re</span> <span class='ocrx_word' id='word_1_42' title='bbox 229 966 349 1030; x_wconf 86' lang='lat' dir='ltr'>locutio</span> <span class='ocrx_word' id='word_1_43' title='bbox 382 975 454 1032; x_wconf 88' lang='lat' dir='ltr'>orta</span> <span class='ocrx_word' id='word_1_44' title='bbox 480 975 543 1033; x_wconf 82' lang='lat' dir='ltr'>est:</span> <span class='ocrx_word' id='word_1_45' title='bbox 579 967 730 1050; x_wconf 77' lang='grc' dir='ltr'>ἑπτέτης</span> <span class='ocrx_word' id='word_1_46' title='bbox 762 968 809 1029; x_wconf 83' lang='grc' dir='ltr'>ὢν</span> <span class='ocrx_word' id='word_1_47' title='bbox 843 962 990 1034; x_wconf 79' lang='grc' dir='ltr'>ὀδόντας</span> <span class='ocrx_word' id='word_1_48' title='bbox 1023 963 1087 1027; x_wconf 76' lang='lat' dir='ltr'>oda</span> <span class='ocrx_word' id='word_1_49' title='bbox 1122 961 1264 1048; x_wconf 72' lang='grc' dir='ltr'>ἔφυσεν,</span> 
     </span>
     <span class='ocr_line' id='line_1_9' title="bbox 168 1074 1266 1160; baseline -0.003 -21"><span class='ocrx_word' id='word_1_50' title='bbox 168 1096 261 1158; x_wconf 91' lang='lat' dir='ltr'>quam</span> <span class='ocrx_word' id='word_1_51' title='bbox 283 1077 515 1160; x_wconf 89' lang='lat' dir='ltr'>Aristophanes</span> <span class='ocrx_word' id='word_1_52' title='bbox 537 1077 569 1139; x_wconf 89' lang='lat' dir='ltr'>in</span> <span class='ocrx_word' id='word_1_53' title='bbox 586 1097 654 1140; x_wconf 89' lang='lat' dir='ltr'>ran.</span> <span class='ocrx_word' id='word_1_54' title='bbox 668 1074 814 1137; x_wconf 81' lang='lat'>416-18</span> <span class='ocrx_word' id='word_1_55' title='bbox 836 1075 952 1157; x_wconf 86' lang='lat' dir='ltr'>attigit,</span> <span class='ocrx_word' id='word_1_56' title='bbox 972 1076 1026 1138; x_wconf 92' lang='lat' dir='ltr'>uhi</span> <span class='ocrx_word' id='word_1_57' title='bbox 1043 1074 1266 1139; x_wconf 83' lang='lat' dir='ltr'>Archidemum</span> 
     </span>
     <span class='ocr_line' id='line_1_10' title="bbox 167 1183 1267 1269; baseline -0.001 -22"><span class='ocrx_word' id='word_1_58' title='bbox 167 1184 338 1268; x_wconf 78' lang='lat' dir='ltr'>quendam,</span> <span class='ocrx_word' id='word_1_59' title='bbox 369 1188 422 1269; x_wconf 88' lang='lat' dir='ltr'>qui</span> <span class='ocrx_word' id='word_1_60' title='bbox 446 1205 484 1250; x_wconf 88' lang='lat' dir='ltr'>eo</span> <span class='ocrx_word' id='word_1_61' title='bbox 511 1193 655 1269; x_wconf 88' lang='lat' dir='ltr'>tempore</span> <span class='ocrx_word' id='word_1_62' title='bbox 677 1205 791 1268; x_wconf 85' lang='lat' dir='ltr'>magna</span> <span class='ocrx_word' id='word_1_63' title='bbox 815 1185 1005 1250; x_wconf 87' lang='lat' dir='ltr'>auctoritate</span> <span class='ocrx_word' id='word_1_64' title='bbox 1027 1185 1058 1248; x_wconf 91' lang='lat' dir='ltr'>in</span> <span class='ocrx_word' id='word_1_65' title='bbox 1081 1204 1117 1249; x_wconf 91' lang='lat' dir='ltr'>re</span> <span class='ocrx_word' id='word_1_66' title='bbox 1137 1183 1267 1267; x_wconf 88' lang='lat' dir='ltr'>publica</span> 
     </span>
     <span class='ocr_line' id='line_1_11' title="bbox 167 1295 623 1376; baseline -0.004 -16"><span class='ocrx_word' id='word_1_67' title='bbox 167 1301 245 1376; x_wconf 85' lang='lat' dir='ltr'>erat,</span> <span class='ocrx_word' id='word_1_68' title='bbox 268 1295 405 1360; x_wconf 92' lang='lat' dir='ltr'>irridens</span> <span class='ocrx_word' id='word_1_69' title='bbox 427 1295 507 1359; x_wconf 90' lang='lat' dir='ltr'>haec</span> <span class='ocrx_word' id='word_1_70' title='bbox 531 1295 623 1360; x_wconf 89' lang='lat' dir='ltr'>dicit:</span> 
     </span>
    </p>

    <p class='ocr_par' dir='ltr' id='par_1_6' title="bbox 416 1403 759 1490">
     <span class='ocr_line' id='line_1_12' title="bbox 416 1403 759 1490; baseline -0.003 -25"><span class='ocrx_word' id='word_1_71' title='bbox 416 1403 560 1490; x_wconf 75' lang='grc' dir='ltr'>βούλεσθε</span> <span class='ocrx_word' id='word_1_72' title='bbox 581 1405 655 1487; x_wconf 79' lang='grc' dir='ltr'>δῆτα</span> <span class='ocrx_word' id='word_1_73' title='bbox 677 1407 759 1484; x_wconf 76' lang='grc' dir='ltr'>κοινῇ</span> 
     </span>
    </p>

    <p class='ocr_par' dir='ltr' id='par_1_7' title="bbox 417 1508 796 1596">
     <span class='ocr_line' id='line_1_13' title="bbox 417 1508 796 1596; baseline -0.008 -22"><span class='ocrx_word' id='word_1_74' title='bbox 417 1511 580 1596; x_wconf 81' lang='grc' dir='ltr'>σκώψωμεν</span> <span class='ocrx_word' id='word_1_75' title='bbox 599 1508 796 1595; x_wconf 67' lang='grc' dir='ltr'>Ἀρχέδημον,</span> 
     </span>
    </p>

    <p class='ocr_par' dir='ltr' id='par_1_8' title="bbox 159 1616 1270 3543">
     <span class='ocr_line' id='line_1_14' title="bbox 417 1616 1019 1704; baseline -0.007 -19"><span class='ocrx_word' id='word_1_76' title='bbox 417 1621 449 1690; x_wconf 88' lang='grc' dir='ltr'>ὃς</span> <span class='ocrx_word' id='word_1_77' title='bbox 468 1621 590 1704; x_wconf 79' lang='grc' dir='ltr'>ἑπτέτης</span> <span class='ocrx_word' id='word_1_78' title='bbox 612 1622 651 1684; x_wconf 83' lang='grc' dir='ltr'>ὢν</span> <span class='ocrx_word' id='word_1_79' title='bbox 674 1619 726 1682; x_wconf 87' lang='grc' dir='ltr'>οόκ</span> <span class='ocrx_word' id='word_1_80' title='bbox 748 1616 841 1703; x_wconf 80' lang='grc' dir='ltr'>ἔφυσε</span> <span class='ocrx_word' id='word_1_81' title='bbox 865 1620 1019 1703; x_wconf 87' lang='grc' dir='ltr'>φράτορας.</span> 
     </span>
     <span class='ocr_line' id='line_1_15' title="bbox 167 1727 1269 1813; baseline -0.002 -20"><span class='ocrx_word' id='word_1_82' title='bbox 167 1728 256 1807; x_wconf 81' lang='lat' dir='ltr'>Quae</span> <span class='ocrx_word' id='word_1_83' title='bbox 271 1731 372 1794; x_wconf 85' lang='lat' dir='ltr'>verba</span> <span class='ocrx_word' id='word_1_84' title='bbox 395 1731 441 1795; x_wconf 89' lang='lat' dir='ltr'>sic</span> <span class='ocrx_word' id='word_1_85' title='bbox 463 1729 670 1813; x_wconf 89' lang='lat' dir='ltr'>intelligenda</span> <span class='ocrx_word' id='word_1_86' title='bbox 693 1737 777 1795; x_wconf 88' lang='lat' dir='ltr'>sunt:</span> <span class='ocrx_word' id='word_1_87' title='bbox 800 1728 1017 1793; x_wconf 80' lang='lat' dir='ltr'>Archedemus</span> <span class='ocrx_word' id='word_1_88' title='bbox 1033 1728 1115 1793; x_wconf 86' lang='lat' dir='ltr'>enim</span> <span class='ocrx_word' id='word_1_89' title='bbox 1130 1727 1269 1813; x_wconf 84' lang='lat' dir='ltr'>peregri·</span> 
     </span>
     <span class='ocr_line' id='line_1_16' title="bbox 167 1838 1267 1924; baseline 0 -23"><span class='ocrx_word' id='word_1_90' title='bbox 167 1858 226 1902; x_wconf 85' lang='lat' dir='ltr'>nus</span> <span class='ocrx_word' id='word_1_91' title='bbox 249 1845 319 1903; x_wconf 87' lang='lat' dir='ltr'>erat</span> <span class='ocrx_word' id='word_1_92' title='bbox 341 1853 472 1923; x_wconf 86' lang='lat' dir='ltr'>eamque</span> <span class='ocrx_word' id='word_1_93' title='bbox 494 1841 535 1903; x_wconf 93' lang='lat' dir='ltr'>ob</span> <span class='ocrx_word' id='word_1_94' title='bbox 558 1858 684 1903; x_wconf 88' lang='lat' dir='ltr'>cansam</span> <span class='ocrx_word' id='word_1_95' title='bbox 708 1858 770 1902; x_wconf 91' lang='lat' dir='ltr'>non</span> <span class='ocrx_word' id='word_1_96' title='bbox 792 1838 955 1924; x_wconf 88' lang='lat' dir='ltr'>particeps</span> <span class='ocrx_word' id='word_1_97' title='bbox 971 1839 1166 1920; x_wconf 78' lang='lat' dir='ltr'>societatum,</span> <span class='ocrx_word' id='word_1_98' title='bbox 1189 1858 1267 1921; x_wconf 89' lang='lat' dir='ltr'>quas</span> 
     </span>
     <span class='ocr_line' id='line_1_17' title="bbox 167 1947 1269 2033; baseline 0.003 -23"><span class='ocrx_word' id='word_1_99' title='bbox 167 1948 378 2013; x_wconf 84' lang='lat' dir='ltr'>Athenienses</span> <span class='ocrx_word' id='word_1_100' title='bbox 400 1947 533 2032; x_wconf 89' lang='grc' dir='ltr'>φρατρίαι</span> <span class='ocrx_word' id='word_1_101' title='bbox 555 1950 722 2013; x_wconf 81' lang='lat' dir='ltr'>vocabant.</span> <span class='ocrx_word' id='word_1_102' title='bbox 757 1947 961 2033; x_wconf 85' lang='lat' dir='ltr'>Quapropter</span> <span class='ocrx_word' id='word_1_103' title='bbox 974 1959 1071 2032; x_wconf 89' lang='lat' dir='ltr'>poeta</span> <span class='ocrx_word' id='word_1_104' title='bbox 1089 1949 1175 2030; x_wconf 86' lang='lat' dir='ltr'>dicit,</span> <span class='ocrx_word' id='word_1_105' title='bbox 1198 1969 1269 2014; x_wconf 90' lang='lat' dir='ltr'>eum</span> 
     </span>
     <span class='ocr_line' id='line_1_18' title="bbox 159 2057 1268 2141; baseline 0.003 -22"><span class='ocrx_word' id='word_1_106' title='bbox 159 2057 230 2140; x_wconf 88' lang='lat' dir='ltr'>jnm</span> <span class='ocrx_word' id='word_1_107' title='bbox 252 2064 375 2140; x_wconf 87' lang='lat' dir='ltr'>septem</span> <span class='ocrx_word' id='word_1_108' title='bbox 396 2076 496 2121; x_wconf 89' lang='lat' dir='ltr'>annos</span> <span class='ocrx_word' id='word_1_109' title='bbox 510 2057 644 2121; x_wconf 88' lang='lat' dir='ltr'>Athenis</span> <span class='ocrx_word' id='word_1_110' title='bbox 668 2058 788 2121; x_wconf 88' lang='lat' dir='ltr'>versari</span> <span class='ocrx_word' id='word_1_111' title='bbox 811 2076 871 2122; x_wconf 89' lang='lat' dir='ltr'>nec</span> <span class='ocrx_word' id='word_1_112' title='bbox 893 2065 998 2123; x_wconf 87' lang='lat' dir='ltr'>tamen</span> <span class='ocrx_word' id='word_1_113' title='bbox 1019 2078 1121 2141; x_wconf 90' lang='lat' dir='ltr'>usque</span> <span class='ocrx_word' id='word_1_114' title='bbox 1143 2058 1184 2122; x_wconf 90' lang='lat' dir='ltr'>ad</span> <span class='ocrx_word' id='word_1_115' title='bbox 1206 2059 1268 2122; x_wconf 94' lang='lat' dir='ltr'>hoc</span> 
     </span>
     <span class='ocr_line' id='line_1_19' title="bbox 167 2165 1268 2251; baseline 0.002 -21"><span class='ocrx_word' id='word_1_116' title='bbox 167 2175 292 2250; x_wconf 91' lang='lat' dir='ltr'>tempus</span> <span class='ocrx_word' id='word_1_117' title='bbox 325 2166 358 2229; x_wconf 91' lang='lat' dir='ltr'>in</span> <span class='ocrx_word' id='word_1_118' title='bbox 391 2167 591 2240; x_wconf 86' lang='lat' dir='ltr'>societatem,</span> <span class='ocrx_word' id='word_1_119' title='bbox 625 2186 707 2249; x_wconf 91' lang='lat' dir='ltr'>quae</span> <span class='ocrx_word' id='word_1_120' title='bbox 739 2165 863 2249; x_wconf 85' lang='grc' dir='ltr'>φρατρία</span> <span class='ocrx_word' id='word_1_121' title='bbox 890 2174 1039 2249; x_wconf 85' lang='lat' dir='ltr'>vocetur,</span> <span class='ocrx_word' id='word_1_122' title='bbox 1072 2167 1268 2251; x_wconf 87' lang='lat' dir='ltr'>pervenisse,</span> 
     </span>
     <span class='ocr_line' id='line_1_20' title="bbox 169 2273 1269 2359; baseline 0 -20"><span class='ocrx_word' id='word_1_123' title='bbox 169 2276 329 2358; x_wconf 83' lang='lat' dir='ltr'>attingens</span> <span class='ocrx_word' id='word_1_124' title='bbox 360 2275 553 2340; x_wconf 91' lang='lat' dir='ltr'>locutionem</span> <span class='ocrx_word' id='word_1_125' title='bbox 585 2275 820 2359; x_wconf 87' lang='lat' dir='ltr'>proverbialem</span> <span class='ocrx_word' id='word_1_126' title='bbox 850 2274 973 2358; x_wconf 77' lang='grc' dir='ltr'>ἑπτέτης</span> <span class='ocrx_word' id='word_1_127' title='bbox 1006 2275 1046 2338; x_wconf 85' lang='grc' dir='ltr'>ὤν</span> <span class='ocrx_word' id='word_1_128' title='bbox 1073 2273 1193 2344; x_wconf 77' lang='grc' dir='ltr'>ὀδόντας</span> <span class='ocrx_word' id='word_1_129' title='bbox 1216 2274 1269 2339; x_wconf 80' lang='grc' dir='ltr'>οὐκ</span> 
     </span>
     <span class='ocr_line' id='line_1_21' title="bbox 169 2381 1268 2469; baseline 0 -23"><span class='ocrx_word' id='word_1_130' title='bbox 169 2381 285 2469; x_wconf 76' lang='grc' dir='ltr'>ἔφυσεν,</span> <span class='ocrx_word' id='word_1_131' title='bbox 307 2392 343 2449; x_wconf 84' lang='lat' dir='ltr'>ut</span> <span class='ocrx_word' id='word_1_132' title='bbox 364 2385 397 2448; x_wconf 86' lang='lat' dir='ltr'>in</span> <span class='ocrx_word' id='word_1_133' title='bbox 419 2384 550 2449; x_wconf 83' lang='lat' dir='ltr'>scholiis</span> <span class='ocrx_word' id='word_1_134' title='bbox 572 2384 722 2468; x_wconf 83' lang='lat' dir='ltr'>legimus:</span> <span class='ocrx_word' id='word_1_135' title='bbox 744 2383 877 2455; x_wconf 80' lang='grc' dir='ltr'>άντὶτοό</span> <span class='ocrx_word' id='word_1_136' title='bbox 894 2383 982 2446; x_wconf 80' lang='grc' dir='ltr'>εἰπεῖν</span> <span class='ocrx_word' id='word_1_137' title='bbox 1000 2382 1120 2452; x_wconf 80' lang='grc' dir='ltr'>ὀδόντας</span> <span class='ocrx_word' id='word_1_138' title='bbox 1142 2387 1268 2468; x_wconf 79' lang='grc' dir='ltr'>φραστῆ-</span> 
     </span>
     <span class='ocr_line' id='line_1_22' title="bbox 169 2490 1269 2577; baseline 0.005 -23"><span class='ocrx_word' id='word_1_139' title='bbox 169 2515 229 2576; x_wconf 84' lang='grc' dir='ltr'>ρας,</span> <span class='ocrx_word' id='word_1_140' title='bbox 253 2494 398 2577; x_wconf 77' lang='grc' dir='ltr'>φράτορας</span> <span class='ocrx_word' id='word_1_141' title='bbox 427 2490 489 2556; x_wconf 82' lang='grc' dir='ltr'>εἶπε</span> <span class='ocrx_word' id='word_1_142' title='bbox 515 2492 643 2556; x_wconf 84' lang='grc' dir='ltr'>τουτέστι</span> <span class='ocrx_word' id='word_1_143' title='bbox 669 2497 822 2577; x_wconf 72' lang='grc' dir='ltr'>συγγενεῖς.</span> <span class='ocrx_word' id='word_1_144' title='bbox 877 2492 992 2558; x_wconf 84' lang='lat' dir='ltr'>Utrum</span> <span class='ocrx_word' id='word_1_145' title='bbox 1022 2492 1142 2558; x_wconf 86' lang='lat' dir='ltr'>locutio</span> <span class='ocrx_word' id='word_1_146' title='bbox 1175 2502 1269 2559; x_wconf 83' lang='lat' dir='ltr'>meta·</span> 
     </span>
     <span class='ocr_line' id='line_1_23' title="bbox 169 2602 1269 2686; baseline 0.001 -20"><span class='ocrx_word' id='word_1_147' title='bbox 169 2603 289 2686; x_wconf 90' lang='lat' dir='ltr'>phorae</span> <span class='ocrx_word' id='word_1_148' title='bbox 312 2609 441 2683; x_wconf 89' lang='lat' dir='ltr'>tanturn,</span> <span class='ocrx_word' id='word_1_149' title='bbox 464 2624 504 2667; x_wconf 91' lang='lat' dir='ltr'>an</span> <span class='ocrx_word' id='word_1_150' title='bbox 527 2605 690 2686; x_wconf 86' lang='lat' dir='ltr'>proverbii</span> <span class='ocrx_word' id='word_1_151' title='bbox 712 2605 784 2669; x_wconf 83' lang='lat' dir='ltr'>loco</span> <span class='ocrx_word' id='word_1_152' title='bbox 800 2602 945 2667; x_wconf 85' lang='lat' dir='ltr'>habenda</span> <span class='ocrx_word' id='word_1_153' title='bbox 961 2602 1010 2679; x_wconf 88' lang='lat' dir='ltr'>sit,</span> <span class='ocrx_word' id='word_1_154' title='bbox 1033 2603 1158 2667; x_wconf 88' lang='lat' dir='ltr'>variant</span> <span class='ocrx_word' id='word_1_155' title='bbox 1181 2602 1269 2667; x_wconf 83' lang='lat' dir='ltr'>scho</span> 
     </span>
     <span class='ocr_line' id='line_1_24' title="bbox 169 2712 1268 2795; baseline -0.003 -20"><span class='ocrx_word' id='word_1_156' title='bbox 169 2712 333 2776; x_wconf 88' lang='lat' dir='ltr'>liastarum</span> <span class='ocrx_word' id='word_1_157' title='bbox 356 2712 546 2795; x_wconf 58' lang='lat' dir='ltr'>sententiam</span> <span class='ocrx_word' id='word_1_158' title='bbox 580 2712 635 2775; x_wconf 89' lang='lat' dir='ltr'>alii</span> <span class='ocrx_word' id='word_1_159' title='bbox 658 2713 739 2778; x_wconf 90' lang='lat' dir='ltr'>enim</span> <span class='ocrx_word' id='word_1_160' title='bbox 762 2733 830 2777; x_wconf 91' lang='lat' dir='ltr'>eam</span> <span class='ocrx_word' id='word_1_161' title='bbox 854 2712 1072 2795; x_wconf 83' lang='lat' dir='ltr'>metaphoram</span> <span class='ocrx_word' id='word_1_162' title='bbox 1094 2712 1268 2794; x_wconf 57' lang='lat' dir='ltr'>vocantzp</span> 
     </span>
     <span class='ocr_line' id='line_1_25' title="bbox 171 2818 1268 2905; baseline 0.002 -23"><span class='ocrx_word' id='word_1_163' title='bbox 171 2821 203 2883; x_wconf 84' lang='grc' dir='ltr'>δὲ</span> <span class='ocrx_word' id='word_1_164' title='bbox 224 2819 376 2905; x_wconf 83' lang='grc' dir='ltr'>μεταφορὰ</span> <span class='ocrx_word' id='word_1_165' title='bbox 399 2821 456 2881; x_wconf 70' lang='lat' dir='ltr'>einh</span> <span class='ocrx_word' id='word_1_166' title='bbox 478 2824 535 2881; x_wconf 84' lang='grc' dir='ltr'>τῶν</span> <span class='ocrx_word' id='word_1_167' title='bbox 562 2818 685 2900; x_wconf 77' lang='grc' dir='ltr'>παίδων,</span> <span class='ocrx_word' id='word_1_168' title='bbox 720 2819 818 2888; x_wconf 70' lang='grc' dir='ltr'>οἵτινες</span> <span class='ocrx_word' id='word_1_169' title='bbox 851 2818 932 2890; x_wconf 80' lang='grc' dir='ltr'>ὄντες</span> <span class='ocrx_word' id='word_1_170' title='bbox 960 2821 1024 2904; x_wconf 89' lang='grc' dir='ltr'>περὶ</span> <span class='ocrx_word' id='word_1_171' title='bbox 1055 2820 1090 2883; x_wconf 78' lang='lat' dir='ltr'>rol</span> <span class='ocrx_word' id='word_1_172' title='bbox 1116 2820 1189 2883; x_wconf 74' lang='grc' dir='ltr'>ἑπτά</span> <span class='ocrx_word' id='word_1_173' title='bbox 1216 2819 1268 2904; x_wconf 82' lang='grc' dir='ltr'>ἔτη</span> 
     </span>
     <span class='ocr_line' id='line_1_26' title="bbox 172 2926 1269 3015; baseline 0.002 -24"><span class='ocrx_word' id='word_1_174' title='bbox 172 2926 272 3015; x_wconf 87' lang='grc' dir='ltr'>ἔχουσι</span> <span class='ocrx_word' id='word_1_175' title='bbox 302 2931 409 2997; x_wconf 82' lang='grc' dir='ltr'>πάντας</span> <span class='ocrx_word' id='word_1_176' title='bbox 441 2928 509 2997; x_wconf 79' lang='grc' dir='ltr'>τοὺς</span> <span class='ocrx_word' id='word_1_177' title='bbox 531 2927 666 3011; x_wconf 85' lang='grc' dir='ltr'>ὀδόντας,</span> <span class='ocrx_word' id='word_1_178' title='bbox 695 2929 750 2993; x_wconf 85' lang='lat' dir='ltr'>alii</span> <span class='ocrx_word' id='word_1_179' title='bbox 772 2938 877 2995; x_wconf 89' lang='lat' dir='ltr'>autem</span> <span class='ocrx_word' id='word_1_180' title='bbox 899 2931 930 2994; x_wconf 92' lang='lat' dir='ltr'>in</span> <span class='ocrx_word' id='word_1_181' title='bbox 953 2931 1195 3015; x_wconf 82' lang='lat' dir='ltr'>proverbiorum</span> <span class='ocrx_word' id='word_1_182' title='bbox 1217 2951 1269 2993; x_wconf 91' lang='lat' dir='ltr'>nu·</span> 
     </span>
     <span class='ocr_line' id='line_1_27' title="bbox 169 3038 1268 3124; baseline 0 -21"><span class='ocrx_word' id='word_1_183' title='bbox 169 3060 255 3106; x_wconf 90' lang='lat' dir='ltr'>mero</span> <span class='ocrx_word' id='word_1_184' title='bbox 277 3045 407 3124; x_wconf 81' lang='lat' dir='ltr'>ponunt</span> <span class='ocrx_word' id='word_1_185' title='bbox 439 3038 724 3123; x_wconf 80' lang='lat' dir='ltr'>Paroemiographi</span> <span class='ocrx_word' id='word_1_186' title='bbox 739 3058 810 3103; x_wconf 90' lang='lat' dir='ltr'>eam</span> <span class='ocrx_word' id='word_1_187' title='bbox 831 3059 891 3102; x_wconf 92' lang='lat' dir='ltr'>nou</span> <span class='ocrx_word' id='word_1_188' title='bbox 915 3047 1121 3122; x_wconf 81' lang='lat' dir='ltr'>receperunt3</span> <span class='ocrx_word' id='word_1_189' title='bbox 1145 3039 1268 3103; x_wconf 78' lang='lat' dir='ltr'>Erasm.</span> 
     </span>
     <span class='ocr_line' id='line_1_28' title="bbox 169 3147 1270 3233; baseline 0.001 -21"><span class='ocrx_word' id='word_1_190' title='bbox 169 3155 276 3214; x_wconf 89' lang='lat' dir='ltr'>autem</span> <span class='ocrx_word' id='word_1_191' title='bbox 299 3171 329 3232; x_wconf 90' lang='lat' dir='ltr'>p.</span> <span class='ocrx_word' id='word_1_192' title='bbox 351 3147 414 3212; x_wconf 83' lang='lat'>310</span> <span class='ocrx_word' id='word_1_193' title='bbox 425 3150 455 3212; x_wconf 90' lang='lat' dir='ltr'>h.</span> <span class='ocrx_word' id='word_1_194' title='bbox 476 3148 517 3212; x_wconf 91' lang='lat' dir='ltr'>de</span> <span class='ocrx_word' id='word_1_195' title='bbox 539 3168 577 3212; x_wconf 87' lang='lat' dir='ltr'>ea</span> <span class='ocrx_word' id='word_1_196' title='bbox 598 3148 645 3212; x_wconf 89' lang='lat' dir='ltr'>sic</span> <span class='ocrx_word' id='word_1_197' title='bbox 669 3149 859 3233; x_wconf 87' lang='lat' dir='ltr'>disputavit:</span> <span class='ocrx_word' id='word_1_198' title='bbox 885 3147 1064 3231; x_wconf 82' lang='lat' dir='ltr'>„quadrare</span> <span class='ocrx_word' id='word_1_199' title='bbox 1086 3148 1162 3212; x_wconf 90' lang='lat' dir='ltr'>mihi</span> <span class='ocrx_word' id='word_1_200' title='bbox 1184 3149 1270 3213; x_wconf 90' lang='lat' dir='ltr'>vide·</span> 
     </span>
     <span class='ocr_line' id='line_1_29' title="bbox 169 3256 1269 3341; baseline 0.002 -23"><span class='ocrx_word' id='word_1_201' title='bbox 169 3259 275 3321; x_wconf 91' lang='lat' dir='ltr'>turin</span> <span class='ocrx_word' id='word_1_202' title='bbox 296 3279 380 3339; x_wconf 89' lang='lat' dir='ltr'>eum,</span> <span class='ocrx_word' id='word_1_203' title='bbox 414 3259 469 3341; x_wconf 89' lang='lat' dir='ltr'>qui</span> <span class='ocrx_word' id='word_1_204' title='bbox 490 3264 566 3323; x_wconf 90' lang='lat' dir='ltr'>natu</span> <span class='ocrx_word' id='word_1_205' title='bbox 588 3257 734 3340; x_wconf 84' lang='lat' dir='ltr'>grandis,</span> <span class='ocrx_word' id='word_1_206' title='bbox 768 3266 872 3322; x_wconf 86' lang='lat' dir='ltr'>tamen</span> <span class='ocrx_word' id='word_1_207' title='bbox 898 3256 1001 3321; x_wconf 90' lang='lat' dir='ltr'>adhuc</span> <span class='ocrx_word' id='word_1_208' title='bbox 1024 3258 1116 3339; x_wconf 87' lang='lat' dir='ltr'>quasi</span> <span class='ocrx_word' id='word_1_209' title='bbox 1139 3277 1269 3341; x_wconf 92' lang='lat' dir='ltr'>puerum</span> 
     </span>
     <span class='ocr_line' id='line_1_30' title="bbox 172 3363 1270 3450; baseline 0.006 -27"><span class='ocrx_word' id='word_1_210' title='bbox 172 3363 251 3444; x_wconf 81' lang='lat' dir='ltr'>agit3</span> <span class='ocrx_word' id='word_1_211' title='bbox 282 3374 336 3430; x_wconf 90' lang='lat' dir='ltr'>aut</span> <span class='ocrx_word' id='word_1_212' title='bbox 358 3368 411 3450; x_wconf 91' lang='lat' dir='ltr'>qui</span> <span class='ocrx_word' id='word_1_213' title='bbox 434 3368 488 3431; x_wconf 95' lang='lat' dir='ltr'>diu</span> <span class='ocrx_word' id='word_1_214' title='bbox 511 3373 723 3432; x_wconf 87' lang='lat' dir='ltr'>commoratus</span> <span class='ocrx_word' id='word_1_215' title='bbox 745 3367 877 3448; x_wconf 88' lang='lat' dir='ltr'>alicubi,</span> <span class='ocrx_word' id='word_1_216' title='bbox 908 3366 988 3430; x_wconf 92' lang='lat' dir='ltr'>nihil</span> <span class='ocrx_word' id='word_1_217' title='bbox 1011 3367 1113 3431; x_wconf 85' lang='lat' dir='ltr'>adhuc</span> <span class='ocrx_word' id='word_1_218' title='bbox 1135 3367 1270 3432; x_wconf 87' lang='lat' dir='ltr'>auctori·</span> 
     </span>
     <span class='ocr_line' id='line_1_31' title="bbox 170 3470 754 3543; baseline 0.019 -11"><span class='ocrx_word' id='word_1_219' title='bbox 170 3470 246 3534; x_wconf 89' lang='lat' dir='ltr'>tatis</span> <span class='ocrx_word' id='word_1_220' title='bbox 268 3479 323 3535; x_wconf 86' lang='lat' dir='ltr'>aut</span> <span class='ocrx_word' id='word_1_221' title='bbox 344 3474 472 3539; x_wconf 88' lang='lat' dir='ltr'>honoris</span> <span class='ocrx_word' id='word_1_222' title='bbox 496 3477 538 3542; x_wconf 89' lang='lat' dir='ltr'>sit</span> <span class='ocrx_word' id='word_1_223' title='bbox 559 3481 754 3543; x_wconf 84' lang='lat' dir='ltr'>assecutus.“</span> 
     </span>
    </p>

    <p class='ocr_par' dir='ltr' id='par_1_9' title="bbox 169 3580 1271 4103">
     <span class='ocr_line' id='line_1_32' title="bbox 269 3580 1270 3670; baseline 0.004 -26"><span class='ocrx_word' id='word_1_224' title='bbox 269 3580 343 3645; x_wconf 90' lang='lat' dir='ltr'>Hoc</span> <span class='ocrx_word' id='word_1_225' title='bbox 364 3582 437 3646; x_wconf 91' lang='lat' dir='ltr'>loco</span> <span class='ocrx_word' id='word_1_226' title='bbox 460 3584 574 3648; x_wconf 89' lang='lat' dir='ltr'>addam</span> <span class='ocrx_word' id='word_1_227' title='bbox 596 3587 776 3652; x_wconf 90' lang='lat' dir='ltr'>locutiones</span> <span class='ocrx_word' id='word_1_228' title='bbox 799 3585 965 3670; x_wconf 85' lang='lat' dir='ltr'>quasdam,</span> <span class='ocrx_word' id='word_1_229' title='bbox 997 3588 1079 3669; x_wconf 83' lang='lat' dir='ltr'>qua&#39;e</span> <span class='ocrx_word' id='word_1_230' title='bbox 1111 3604 1131 3648; x_wconf 88' lang='lat' dir='ltr'>a</span> <span class='ocrx_word' id='word_1_231' title='bbox 1162 3583 1270 3669; x_wconf 89' lang='lat' dir='ltr'>pueris</span> 
     </span>
     <span class='ocr_line' id='line_1_33' title="bbox 171 3687 1271 3778; baseline 0.004 -25"><span class='ocrx_word' id='word_1_232' title='bbox 171 3689 414 3772; x_wconf 86' lang='lat' dir='ltr'>dictitabantur,</span> <span class='ocrx_word' id='word_1_233' title='bbox 451 3691 548 3756; x_wconf 79' lang='lat' dir='ltr'>veluti</span> <span class='ocrx_word' id='word_1_234' title='bbox 570 3692 685 3758; x_wconf 85' lang='lat' dir='ltr'>Suidas</span> <span class='ocrx_word' id='word_1_235' title='bbox 707 3695 878 3760; x_wconf 90' lang='lat' dir='ltr'>memoriae</span> <span class='ocrx_word' id='word_1_236' title='bbox 904 3694 1060 3778; x_wconf 83' lang='lat' dir='ltr'>prodidit:</span> <span class='ocrx_word' id='word_1_237' title='bbox 1090 3687 1211 3778; x_wconf 77' lang='grc' dir='ltr'>’Έίέχ’</span> <span class='ocrx_word' id='word_1_238' title='bbox 1246 3695 1271 3757; x_wconf 82' lang='grc' dir='ltr'>ὦ</span> 
     </span>
     <span class='ocr_line' id='line_1_34' title="bbox 170 3797 1269 3886; baseline 0.002 -25"><span class='ocrx_word' id='word_1_239' title='bbox 170 3799 237 3884; x_wconf 90' lang='grc' dir='ltr'>φίλ’</span> <span class='ocrx_word' id='word_1_240' title='bbox 261 3801 352 3884; x_wconf 73' lang='grc' dir='ltr'>ἥλιεε</span> <span class='ocrx_word' id='word_1_241' title='bbox 374 3797 519 3883; x_wconf 79' lang='grc' dir='ltr'>καλάριόν</span> <span class='ocrx_word' id='word_1_242' title='bbox 542 3823 568 3862; x_wconf 90' lang='grc' dir='ltr'>τι</span> <span class='ocrx_word' id='word_1_243' title='bbox 588 3803 784 3885; x_wconf 82' lang='grc' dir='ltr'>παροιμιῶδες</span> <span class='ocrx_word' id='word_1_244' title='bbox 805 3801 861 3864; x_wconf 87' lang='grc' dir='ltr'>ὑπὸ</span> <span class='ocrx_word' id='word_1_245' title='bbox 883 3807 940 3866; x_wconf 87' lang='grc' dir='ltr'>τῶν</span> <span class='ocrx_word' id='word_1_246' title='bbox 960 3802 1080 3865; x_wconf 90' lang='grc' dir='ltr'>παιδίιον</span> <span class='ocrx_word' id='word_1_247' title='bbox 1103 3800 1269 3886; x_wconf 76' lang='grc' dir='ltr'>λεγόμενον,</span> 
     </span>
     <span class='ocr_line' id='line_1_35' title="bbox 171 3905 1270 3996; baseline 0.004 -26"><span class='ocrx_word' id='word_1_248' title='bbox 171 3906 239 3972; x_wconf 84' lang='grc' dir='ltr'>όταν</span> <span class='ocrx_word' id='word_1_249' title='bbox 261 3906 383 3994; x_wconf 74' lang='grc' dir='ltr'>ἐπινέφῃ</span> <span class='ocrx_word' id='word_1_250' title='bbox 405 3908 516 3996; x_wconf 78' lang='grc' dir='ltr'>ψόχους</span> <span class='ocrx_word' id='word_1_251' title='bbox 538 3905 627 3976; x_wconf 80' lang='grc' dir='ltr'>ὄντος.</span> <span class='ocrx_word' id='word_1_252' title='bbox 670 3906 719 3974; x_wconf 87' lang='grc' dir='ltr'>Ἀ.</span> <span class='ocrx_word' id='word_1_253' title='bbox 742 3906 850 3994; x_wconf 82' lang='grc' dir='ltr'>Νήσοις</span> <span class='ocrx_word' id='word_1_254' title='bbox 882 3909 997 3995; x_wconf 57' lang='lat' dir='ltr'>„littere</span> <span class='ocrx_word' id='word_1_255' title='bbox 1024 3910 1082 3995; x_wconf 83' lang='grc' dir='ltr'>ἄρα</span> <span class='ocrx_word' id='word_1_256' title='bbox 1108 3911 1206 3993; x_wconf 80' lang='grc' dir='ltr'>ὥσπερ</span> <span class='ocrx_word' id='word_1_257' title='bbox 1233 3910 1270 3974; x_wconf 84' lang='grc' dir='ltr'>τὰ</span> 
     </span>
     <span class='ocr_line' id='line_1_36' title="bbox 169 4013 914 4103; baseline 0.003 -23"><span class='ocrx_word' id='word_1_258' title='bbox 169 4017 259 4081; x_wconf 72' lang='grc' dir='ltr'>παιδί</span> <span class='ocrx_word' id='word_1_259' title='bbox 282 4013 359 4102; x_wconf 79' lang='grc' dir='ltr'>ἔΕεχ’</span> <span class='ocrx_word' id='word_1_260' title='bbox 383 4018 407 4082; x_wconf 80' lang='grc' dir='ltr'>ὦ</span> <span class='ocrx_word' id='word_1_261' title='bbox 429 4018 488 4102; x_wconf 67' lang='grc' dir='ltr'>φιλ</span> <span class='ocrx_word' id='word_1_262' title='bbox 511 4018 606 4103; x_wconf 78' lang='grc' dir='ltr'>ἥλιε.“</span> <span class='ocrx_word' id='word_1_263' title='bbox 651 4018 691 4084; x_wconf 85' lang='lat' dir='ltr'>cf.</span> <span class='ocrx_word' id='word_1_264' title='bbox 714 4019 819 4102; x_wconf 83' lang='lat' dir='ltr'>frgmt.</span> <span class='ocrx_word' id='word_1_265' title='bbox 843 4019 914 4084; x_wconf 86' lang='grc'><strong>346.</strong></span> 
     </span>
    </p>

    <p class='ocr_par' dir='ltr' id='par_1_10' title="bbox 170 4127 1271 4432">
     <span class='ocr_line' id='line_1_37' title="bbox 270 4127 1271 4213; baseline 0.002 -21"><span class='ocrx_word' id='word_1_266' title='bbox 270 4128 368 4192; x_wconf 88' lang='lat' dir='ltr'>Aliud</span> <span class='ocrx_word' id='word_1_267' title='bbox 388 4129 563 4212; x_wconf 87' lang='lat' dir='ltr'>exemplum</span> <span class='ocrx_word' id='word_1_268' title='bbox 585 4148 626 4194; x_wconf 84' lang='lat' dir='ltr'>ex</span> <span class='ocrx_word' id='word_1_269' title='bbox 641 4127 792 4194; x_wconf 86' lang='lat' dir='ltr'>Stratidis</span> <span class='ocrx_word' id='word_1_270' title='bbox 808 4130 992 4196; x_wconf 89' lang='lat' dir='ltr'>Phoenissis</span> <span class='ocrx_word' id='word_1_271' title='bbox 1008 4130 1142 4213; x_wconf 90' lang='lat' dir='ltr'>protulit</span> <span class='ocrx_word' id='word_1_272' title='bbox 1156 4130 1271 4194; x_wconf 87' lang='lat' dir='ltr'>Pollux</span> 
     </span>
     <span class='ocr_line' id='line_1_38' title="bbox 170 4233 1271 4324; baseline 0.001 -23"><span class='ocrx_word' id='word_1_273' title='bbox 170 4237 226 4320; x_wconf 88' lang='lat' dir='ltr'>IV,</span> <span class='ocrx_word' id='word_1_274' title='bbox 250 4239 276 4317; x_wconf 79' lang='lat'>7,</span> <span class='ocrx_word' id='word_1_275' title='bbox 299 4259 330 4322; x_wconf 92' lang='lat' dir='ltr'>p.</span> <span class='ocrx_word' id='word_1_276' title='bbox 353 4235 431 4301; x_wconf 75' lang='lat'>445:</span> <span class='ocrx_word' id='word_1_277' title='bbox 453 4233 516 4300; x_wconf 78' lang='grc' dir='ltr'>εὗδ’</span> <span class='ocrx_word' id='word_1_278' title='bbox 538 4237 619 4321; x_wconf 75' lang='grc' dir='ltr'>ἥλιος</span> <span class='ocrx_word' id='word_1_279' title='bbox 642 4238 693 4323; x_wconf 78' lang='grc' dir='ltr'>μὲν</span> <span class='ocrx_word' id='word_1_280' title='bbox 716 4238 846 4303; x_wconf 68' lang='lat' dir='ltr'>nauata</span> <span class='ocrx_word' id='word_1_281' title='bbox 868 4242 926 4308; x_wconf 85' lang='grc' dir='ltr'>τοῖς</span> <span class='ocrx_word' id='word_1_282' title='bbox 947 4238 1068 4308; x_wconf 86' lang='grc' dir='ltr'>παιδίοις</span> <span class='ocrx_word' id='word_1_283' title='bbox 1090 4237 1158 4302; x_wconf 86' lang='grc' dir='ltr'>όταν</span> <span class='ocrx_word' id='word_1_284' title='bbox 1182 4238 1271 4324; x_wconf 76' lang='grc' dir='ltr'>λέγω·</span> 
     </span>
     <span class='ocr_line' id='line_1_39' title="bbox 170 4344 544 4432; baseline 0.003 -25"><span class='ocrx_word' id='word_1_285' title='bbox 170 4368 221 4429; x_wconf 82' lang='grc' dir='ltr'>σιν,</span> <span class='ocrx_word' id='word_1_286' title='bbox 242 4344 320 4432; x_wconf 60' lang='lat' dir='ltr'>disp(</span> <span class='ocrx_word' id='word_1_287' title='bbox 343 4347 368 4412; x_wconf 80' lang='grc' dir='ltr'><em>ὦ</em></span> <span class='ocrx_word' id='word_1_288' title='bbox 389 4347 448 4432; x_wconf 86' lang='grc' dir='ltr'>φιλ’</span> <span class='ocrx_word' id='word_1_289' title='bbox 470 4347 544 4432; x_wconf 75' lang='grc' dir='ltr'>ἥλιε.</span> 
     </span>
    </p>
   </div>
   <div class='ocr_carea' id='block_1_5' title="bbox 0 0 1560 4974">
    <p class='ocr_par' dir='ltr' id='par_1_11' title="bbox 0 0 1560 4974">
     <span class='ocr_line' id='line_1_40' title="bbox 0 0 1560 4974; baseline 0 0"><span class='ocrx_word' id='word_1_290' title='bbox 0 0 1560 4974; x_wconf 95' lang='lat' dir='ltr'> </span> 
     </span>
    </p>
   </div>
  </div>
 </body>
</html>
