3100 4974
793 271 832 346 16

710 372 908 381 ———-———

261 485 318 566 III,
339 483 380 550 58
403 483 593 568 disputavit:
627 484 695 547 ὅταν
727 508 768 554 τις
799 486 840 569 μὴ
873 486 991 569 δύνηται
1013 484 1222 570 ἀπονίψασθαι,
1250 479 1358 568 ἀλλ’ἢ

260 595 353 656 κοιλία
374 594 456 677 αὐτῷ
477 593 660 678 ἐπιφέρηται·
697 594 812 676 λέγεται
842 595 1019 680 ἡπαροιμία
1048 595 1172 658 ἐπὶτῶν
1195 594 1359 678 ἀνωφελῶς

261 700 474 786 πραττομένων.
498 704 538 769 cs.
555 708 668 788 Apost.
694 703 792 786 tals.
812 708 892 789 App.
913 706 968 786 IV,
992 704 1040 768 61.
1063 704 1184 767 Erasm.
1206 724 1239 785 p.
1262 701 1333 766 273.

359 812 445 876 Huic
467 813 607 877 obsceno
629 814 801 897 proverbio
824 815 911 878 aliud
934 814 1061 896 addam,
1096 812 1181 896 quod
1213 813 1289 876 item
1317 811 1359 875 ad

259 918 406 1004 podicem
428 929 562 1005 spectat.
605 922 642 985 In
666 942 736 1004 pac,
761 920 922 997 raas-31
946 922 1094 1005 legimust

261 1049 442 1137 (Τρυγαῖοςε)
465 1053 652 1118 ἐναποπατεῖν
674 1056 729 1140 γὰρ
754 1053 811 1118 ἐστ’
834 1055 994 1140 ἐπιτήδειος
1016 1056 1090 1117 ποίνυ
1114 1054 1173 1137 (sc.
1197 1054 1212 1117 ὁ
1235 1055 1357 1138 θώραξ).

260 1161 524 1246 (θωρακοπώληςι)
547 1161 655 1226 παῦσαι
677 1166 705 1246 μ’
728 1164 847 1248 ὑβρίζειν
870 1168 928 1233 τοῖς
950 1165 1043 1248 ἐμοῖσι
1063 1164 1202 1249 χρήμασι.

259 1267 442 1356 (Τρυγαῖυςε)
465 1273 527 1354 ὡδὶ,
550 1271 707 1356 παραθέντι
729 1276 806 1357 τρεῖς
827 1270 934 1355 λίθους,

257 1406 313 1468 ubi
329 1406 517 1471 scholiastes
533 1415 671 1489 annotat,
694 1422 820 1491 poetam
838 1408 945 1472 verbis
960 1411 1034 1492 τρεῖς
1050 1406 1149 1472 λίθους
1164 1407 1358 1470 locutionem

257 1514 411 1597 tetigisse,
434 1516 580 1599 quaesit

396 1630 489 1707 τρεῖς
511 1623 579 1687 εἰσὶ
599 1624 718 1687 ἱκανοὶ
740 1623 901 1709 πρωκτὸν
924 1624 1106 1708 ἀπομάξαι
1130 1624 1225 1688 λίθοι

257 1753 308 1816 cui
330 1752 488 1819 interdum
511 1753 638 1817 additus
662 1753 704 1816 sit
726 1772 838 1816 versus

426 1876 465 1939 οῖν
488 1878 551 1941 ὦσι
575 1881 737 1961 τραχεῖς,
758 1875 797 1938 ἂν
820 1876 858 1938 δὲ
880 1879 985 1959 λεῖοι,
1009 1875 1187 1958 τέτταρες.

256 2010 304 2074 De
329 2011 421 2094 hujus
444 2013 571 2094 generis
592 2012 808 2076 locutionibus
836 2010 981 2075 conferas
1008 2030 1088 2093 quae
1110 2010 1300 2074 Leutschius
1325 2012 1359 2074 in

256 2118 378 2183 adnott.
403 2121 443 2183 ad
466 2124 549 2204 App.
574 2122 630 2201 IV,
654 2120 692 2182 61
717 2120 884 2186 disseruit:
909 2119 1047 2198 ,Graeci
1071 2139 1141 2183 cum
1163 2128 1271 2184 essent
1292 2120 1359 2183 dili·

257 2234 369 2309 gentes
391 2237 465 2312 post
480 2249 562 2312 opus
583 2229 771 2293 adsellatum
792 2230 918 2313 podicis
942 2236 1140 2312 purgatores,
1163 2228 1297 2293 facetias
1318 2229 1359 2292 ab

256 2344 329 2400 actu
353 2337 415 2401 isto
438 2338 596 2421 purgandi
620 2338 781 2402 derivatas
803 2348 868 2402 tam
890 2338 986 2402 facile
1007 2339 1072 2401 risu
1096 2343 1302 2420 exceperunt,
1324 2344 1360 2401 ut

253 2467 323 2511 eum
345 2467 594 2512 commemorare
622 2448 736 2511 cornici
764 2448 967 2512 vehementer
993 2453 1146 2511 amarent.
1192 2446 1231 2510 cf.
1256 2445 1355 2512 Arist.

253 2556 390 2638 Lysistr.
416 2555 508 2620 1035:
544 2556 610 2618 ἀλλ’
639 2555 784 2641 ἀποψήσω
812 2557 837 2617 θ’
860 2557 934 2637 ἐγὼ,
968 2556 1058 2617 καίτοι
1079 2558 1154 2617 ποίνυ
1176 2557 1302 2639 πονηρὸς
1324 2554 1358 2621 εί.

253 2686 320 2727 ran.
336 2664 412 2729 490:
438 2664 496 2747 ἐγώ
513 2667 538 2728 θ’
555 2665 676 2748 ἀνέστην
693 2665 739 2726 καὶ
761 2665 875 2748 προσέτ’
898 2665 1108 2749 ἀπεψησάμην·
1130 2667 1285 2748 agebatur
1306 2685 1358 2730 res

254 2775 399 2856 spongiis
421 2795 483 2838 non
507 2775 607 2839 solum
630 2781 663 2840 et
679 2775 825 2839 alliorum
848 2775 943 2855 foliis,
968 2775 1023 2839 sed
1046 2775 1141 2838 etiam
1163 2775 1355 2859 lapidibus.“

353 2883 418 2948 Sed
439 2883 552 2948 redeat
573 2884 768 2965 dissertatio,
792 2885 874 2949 unde
897 2885 1071 2949 aberravit.

352 2992 402 3057 De
424 3001 493 3056 arte
515 3012 532 3056 e
555 2992 622 3056 luto
645 3014 723 3057 vasa
748 2994 888 3076 fingendi
915 3002 1063 3079 prompta
1092 3002 1142 3059 est
1168 2995 1290 3058 locutio
1319 2993 1357 3054 ἐν

254 3099 345 3184 πίθῳ
368 3102 431 3181 τὴν
454 3103 649 3183 κεραμείαν
673 3105 880 3185 μανθάνειν,
915 3125 977 3186 qua
999 3104 1188 3167 scholiastes
1211 3102 1355 3164 Platonis

253 3231 283 3293 p.
299 3207 361 3271 322
384 3209 447 3292 (ed.
465 3210 581 3294 Bekk.)
604 3212 740 3276 tradidit
754 3213 1001 3295 Aristophanem
1023 3213 1055 3274 in
1079 3208 1250 3286 comoedia,
1274 3225 1356 3288 quae

253 3327 340 3383 esset
362 3316 542 3399 Προαγῶνες,
566 3340 655 3382 usum
680 3339 760 3398 esse,
786 3320 824 3383 cf.
842 3320 946 3401 frgmt.
964 3318 1013 3379 81.
1049 3316 1131 3393 Quid
1154 3315 1356 3397 proverbium

252 3428 423 3511 significet,
456 3435 598 3492 veterum
632 3429 809 3492 sententiae
841 3430 980 3509 variana
1015 3426 1132 3489 Zenob.
1156 3423 1219 3504 ΙΙΙ,
1252 3421 1292 3484 65
1325 3429 1357 3487 et

252 3538 345 3620 Diog.
369 3537 418 3619 ΙΙ,
441 3535 482 3598 65
503 3537 582 3601 haec
604 3536 747 3601 tradunt:
782 3534 828 3596 ἐπὶ
849 3541 905 3598 τῶν
929 3535 980 3602 τὰς
1001 3534 1119 3617 πρώτας
1141 3533 1192 3615 μὲν
1216 3532 1358 3615 μαθήσεις

251 3643 493 3731 ὑπερβαινόντων,
527 3645 699 3728 ἁπτομένων
726 3645 760 3707 δὲ
787 3644 900 3712 εὐθέως
927 3649 984 3706 τῶν
1007 3640 1159 3727 μειζόνων·
1191 3645 1232 3709 ὥς
1262 3640 1291 3703 εί
1317 3663 1357 3709 τις

253 3756 391 3837 μανθάνει
423 3753 590 3839 κεραμεύειν
621 3756 684 3839 πρὶν
714 3753 748 3817 ἄν
779 3756 880 3837 μαθεῖν
906 3754 1025 3822 πίνακας
1051 3750 1070 3834 ἦ
1101 3750 1176 3813 ἄλλο
1204 3775 1229 3813 τι
1251 3756 1356 3832 μικρῶν

251 3865 395 3944 πράττειν,
430 3865 513 3926 πίθον
547 3864 692 3948 ἐγχειροίη
727 3868 823 3928 ποιεῖν.
872 3863 1046 3945 Δικαίαρχος
1068 3861 1101 3923 δὲ
1123 3859 1220 3943 ἕτερόν
1242 3883 1267 3921 τι
1289 3859 1358 3943 φησὶ

253 3975 305 4054 τὴν
328 3974 481 4057 παροιμίαν
505 3976 626 4057 δηλοῦν·
654 3974 744 4036 οίονεῖ
761 3977 813 4056 τὴν
837 3972 961 4055 μελέτην
984 3971 1013 4033 ἐν
1037 3976 1081 4054 τῷ
1103 3970 1196 4053 ὁμοίῳ
1218 3968 1361 4030 ποιεῖσθαι

253 4084 293 4148 ὡς
316 4082 492 4167 κυβερνήτης
520 4083 566 4144 ἐπὶ
592 4083 659 4166 νηὸς
686 4083 732 4144 καὶ
759 4083 877 4165 ἡνίοχος
906 4082 952 4163 ἐφ’
979 4081 1083 4141 ἵππων.
1138 4080 1357 4143 Dicaearchus

252 4191 351 4273 igitur
373 4192 577 4274 proverbium
592 4193 639 4254 sic
662 4192 801 4274 intelligi
816 4192 891 4271 vult,
914 4200 949 4255 nt
964 4195 1135 4271 cognatum
1150 4190 1192 4253 sit
1211 4190 1249 4268 ei,
1272 4188 1357 4270 quod

253 4311 286 4364 et
308 4301 393 4381 apud
416 4300 577 4363 Romanos
601 4310 635 4365 et
656 4301 741 4385 apud
764 4321 823 4364 nos
846 4308 896 4364 est
930 4321 992 4379 ,ne
1019 4310 1110 4362 sutor
1132 4316 1229 4380 snpra
1251 4297 1356 4380 crepi-

254 4410 355 4475 dam.“
394 4408 487 4473 Hauc
507 4417 610 4476 autem
633 4411 928 4495 interpretationem
950 4428 1103 4496 nusquam
1119 4406 1357 4490 comprobatam
