3100 4974
777 282 820 345 40

698 372 898 381 ——un

345 485 467 563 Quodsi
489 489 661 551 verborum
684 486 852 558 λακωνίζειν
874 494 907 552 et
929 487 1104 571 inspiciret
1118 479 1350 570 καρινθιαίζεσθαι

246 596 494 677 meminerimus,
517 616 581 659 uon
604 597 667 661 erit
688 596 863 660 mirandum
885 597 992 671 nobis,
1016 597 1195 679 legentibus
1216 599 1349 669 yerbum

247 704 405 787 συβαρίζειν
428 705 461 768 in
482 724 555 788 pac.
576 703 640 765 344
661 726 681 767 a
703 706 879 769 scholiasta
912 726 971 788 per
1003 708 1113 789 τρυφᾶν
1145 705 1349 790 explicatum.

250 815 421 898 Sybaritae
455 813 537 877 enim
567 813 600 875 in
623 833 679 877 ore
713 816 849 877 omnium
883 822 975 879 erant
1006 822 1173 898 tantopere
1205 814 1350 877 luxuriae

248 923 363 1004 dediti,
393 929 427 985 ut
450 942 514 984 vox
536 920 695 1004 συβαρίζειν
729 923 860 987 eandem
894 923 1161 1005 significationem
1187 923 1352 1006 acciperet

247 1039 344 1116 atque
376 1029 545 1109 luxuriari,
580 1029 620 1093 ef.
655 1032 760 1097 sehol:
793 1033 870 1094 ὥστε
899 1032 945 1093 καὶ
971 1031 1012 1099 εἰς
1034 1035 1189 1115 παροιμίαν
1211 1030 1352 1116 φέρεσθαι

247 1140 407 1221 ἐκνενίκηκε
443 1139 463 1221 η
497 1136 670 1221 Συβαριτικὴ
703 1141 845 1219 τράπεζα,
878 1141 899 1219 ’ἡ
931 1140 1101 1220 πολυτελὴς
1133 1142 1181 1203 καὶ
1215 1142 1350 1224 δαψιλής.

247 1247 326 1312 Cum
348 1254 449 1310 metro
469 1247 571 1308 invito
588 1245 747 1328 συβαρίζειν
769 1246 789 1307 l.
814 1265 840 1306 e.
864 1245 998 1325 legatur,
1021 1248 1083 1308 viri
1097 1249 1185 1312 docti
1206 1251 1351 1313 codicum

249 1357 419 1420 lectionem
443 1353 558 1419 mutari
590 1353 715 1415 volunt:
761 1351 891 1416 Meiuek
923 1353 956 1414 in
988 1354 1083 1415 Anal.
1112 1356 1206 1418 Alex.
1235 1378 1267 1440 p.
1293 1355 1351 1418 118

247 1462 417 1550 proposuit
438 1454 618 1543 συβρισίζειν;
654 1459 690 1523 L.
714 1459 899 1523 Dindorfius
927 1461 959 1523 in
987 1461 1080 1525 Thes.
1104 1462 1167 1525 vol.
1192 1461 1208 1523 7
1233 1484 1264 1545 ρ.
1289 1462 1350 1527 931

247 1571 413 1655 συρβισίζειν.
459 1568 498 1632 ci.
521 1567 637 1631 Valek.
662 1568 741 1632 Gall.
764 1589 795 1653 p.
818 1566 890 1631 288.
934 1568 1002 1633 Nec
1025 1577 1217 1633 tamencum
1235 1571 1350 1653 optimi

249 1680 377 1744 codices
399 1679 568 1742 lectionem
592 1674 752 1762 συβαρίζειν
768 1679 952 1760 praebeant,
974 1673 1141 1760 quisquam
1156 1696 1272 1759 eorum,
1293 1677 1350 1760 qui

248 1791 286 1852 A.
300 1787 484 1851 comoedias
496 1784 672 1867 ediderunt,
690 1787 852 1868 avulgata
862 1786 1004 1850 lectione
1016 1787 1170 1851 recedere
1180 1807 1275 1851 ausus
1291 1799 1349 1852 est.

349 1890 568 1977 Sybaritarum
587 1896 693 1960 lux-um
707 1897 810 1960 etiam
829 1897 864 1965 in
886 1892 991 1977 lrgmt.
1014 1893 1056 1956 33
1071 1904 1352 1960 commemoratum

248 2003 395 2086 legimus:
420 2002 603 2087 Συβαριτίδες
627 2004 755 2087 εὐωχίαι,
779 2010 812 2068 et
833 2025 884 2087 ap.
908 2003 1026 2068 Zenob.
1044 2005 1084 2085 V,
1100 2002 1155 2069 87:
1178 2000 1351 2087 Συβαριτικὴ

248 2114 394 2196 τράπεζαι
429 2112 490 2174 ἀντὶ
512 2114 562 2174 τοῦ
585 2111 614 2173 ἐν
637 2111 823 2194 πολυτελείᾳ,
846 2120 879 2176 et
905 2132 955 2196 ap.
977 2112 1073 2196 Diog.
1096 2114 1121 2193 Ι,
1153 2110 1174 2172 2
1208 2110 1353 2196 Συβαριτι-

249 2221 300 2289 κὸς
322 2222 392 2308 βίος.

351 2329 552 2395 Cretensium
565 2331 687 2394 animus
702 2330 922 2394 fraudulentus
938 2338 971 2395 et
987 2330 1117 2394 dolosus
1128 2330 1196 2413 jam
1210 2329 1352 2395 Homero

248 2448 342 2504 notus
355 2443 432 2518 erat,
455 2438 549 2522 cujus
569 2440 665 2503 etiam
685 2440 718 2503 in
731 2440 868 2524 epistola
889 2440 1025 2504 aPaulo
1047 2439 1088 2502 ad
1102 2439 1209 2503 Titum
1232 2440 1354 2523 scripta

249 2551 273 2630 I,
298 2549 349 2630 12,
378 2547 496 2612 mentio
518 2547 568 2629 fit3
597 2543 719 2630 Κρῆτες
741 2547 786 2610 ἀεὶ
803 2548 944 2632 peuerell,
978 2545 1053 2609 κακὰ
1079 2547 1182 2629 θηρία,
1214 2547 1353 2632 γαστέρες

250 2657 344 2742 ἀργαί.
388 2656 489 2736 Quam
512 2658 553 2720 ob
578 2675 708 2720 eausam
730 2658 830 2721 verbo
853 2657 992 2740 κρητίζειν
1025 2657 1075 2720 vis
1103 2657 1276 2721 mentiendi
1298 2655 1353 2720 sal·

250 2767 400 2849 lendique
434 2765 580 2848 subjecta
602 2774 660 2846 est,
687 2773 723 2830 ut
744 2787 795 2850 ap.
818 2767 932 2831 Athen.
958 2765 1046 2845 11,37
1051 2766 1066 2826 1
1090 2774 1123 2831 et
1143 2765 1227 2829 Plut.
1260 2767 1350 2830 Aem.

248 2875 290 2939 23
314 2882 347 2939 et
367 2874 442 2955 Lys.
463 2872 514 2936 20.

295 3006 298 3013 ⁴
349 2984 430 3055 Item
452 2982 618 3046 haudibus
641 2981 902 3066 facinoribusque
925 2984 1078 3068 Aegyptii
1094 2983 1352 3063 infamauerunt,

251 3091 351 3156 veluti
380 3111 432 3174 ap.
455 3090 590 3155 Theoer.
615 3091 718 3154 Adon.
746 3090 803 3155 47:
838 3091 933 3159 οὐδεὶς
958 3095 1115 3174 κσκοερηὸς
1143 3093 1274 3154 ὃσλεῖιαι
1304 3092 1353 3153 τὸν

251 3199 331 3262 ἰόντα
353 3198 510 3283 παρέρπιυν
538 3199 723 3281 Αἰγυπτιστί,
757 3207 790 3265 et
810 3222 861 3282 ap.
885 3201 980 3283 Diog.
1007 3201 1068 3280 lv,
1101 3199 1141 3263 37
1169 3210 1201 3265 et
1232 3201 1352 3266 Zenob.

250 3310 308 3390 ΙΙΙ,
332 3308 389 3374 3l:
421 3307 506 3370 δεινοὶ
528 3305 644 3369 πλέκειν
668 3331 711 3369 τοι
738 3308 872 3391 μηχανὰς
896 3306 1055 3389 Αἰγύπτιοι,
1088 3328 1169 3389 quae
1188 3311 1291 3373 ‘verba
1312 3311 1352 3373 ab

130 3448 134 3452 ·
250 3418 412 3501 Aeschylo
436 3415 524 3479 dicta
545 3435 625 3495 esse,
648 3414 748 3479 refert
776 3416 970 3480 scholiastes
1003 3416 1045 3478 ad
1072 3419 1145 3480 nub.
1170 3415 1264 3498 1130,
1298 3419 1352 3500 qui

251 3527 335 3591 idem
370 3524 563 3605 αἰηοπτιάζειν
590 3544 651 3608 per
676 3522 713 3586 τὰ
736 3522 850 3586 ὕπουλα
882 3525 1014 3607 πράττειν
1046 3526 1196 3609 explicat.
1252 3527 1353 3593 Poeta

251 3643 361 3700 noster
390 3634 581 3698 mentionem
603 3634 835 3719 Aegyptiorum
858 3643 979 3699 tantum
999 3635 1032 3698 in
1058 3656 1126 3700 rau.
1157 3633 1239 3698 1405
1266 3635 1352 3715 fucit,

251 3765 311 3809 nee
337 3752 442 3809 tamen
467 3742 597 3806 dolosos
620 3763 675 3807 eos
697 3751 803 3807 vocat.

352 3847 473 3917 Eodem
507 3851 644 3934 denique
675 3853 755 3917 vitio
789 3852 957 3916 fraudandi
977 3859 1015 3918 ‚et
1048 3853 1187 3935 Argivos
1221 3852 1353 3917 affectos

252 3963 366 4044 fuisse,
405 3961 628 4045 cognoscimus
662 3981 702 4025 ex
729 3961 835 4045 frgmt.
871 3960 944 4042 153,
983 3961 1036 4024 ubi
1069 3981 1109 4027 ex
1142 3961 1241 4026 Suida
1274 3962 1352 4026 haec

251 4065 403 4157 prompta
423 4071 586 4155 leguntur:
605 4066 735 4152 Ἀργεῖοι
756 4076 869 4154 φῶρας·
892 4069 938 4131 ἐπὶ
959 4073 1016 4131 τῶν
1031 4071 1191 4153 προδήλως
1203 4076 1352 4154 πονηρῶν·

252 4180 279 4242 οἱ
300 4178 356 4263 γὰρ
375 4172 508 4263 Ἀργεῖοι
524 4177 570 4241 ἐπὶ
592 4181 691 4262 κλοπῇ
712 4179 930 4261 κωμῳδοῦνται.
946 4174 994 4240 Ἀ.
1029 4177 1192 4265 Ἀναγύρῳ.
1230 4181 1354 4246 Similia

251 4289 425 4355 memoriae
461 4287 674 4371 prodiderunt
708 4287 853 4351 Eustath.
892 4287 933 4352 ad
972 4288 1067 4352 Ham.
1094 4289 1188 4356 Iliad.
1215 4289 1240 4374 β,
1276 4288 1351 4355 559:

252 4399 404 4487 παροιμία·
436 4393 557 4485 Ἀργεία
589 4397 675 4484 φοραί.
711 4395 751 4463 cf.
779 4396 874 4480 Diog.
901 4396 946 4481 ΙΙ,
970 4395 1010 4460 79
1039 4404 1073 4464 el
1100 4401 1185 4484 App.
1209 4399 1271 4480 ΙΙΙ,
1301 4397 1352 4465 35.
