3100 4974
793 294 835 355 42

260 493 379 576 potuit,
413 501 447 557 nt
468 493 541 557 hinc
563 502 670 558 natum
690 494 732 558 sit
754 494 932 578 adagium“,
955 472 1075 558 falsam
1089 510 1162 560 esse
1183 496 1267 560 hune
1290 517 1361 560 eon·

255 601 425 684 jecturam,
448 602 601 667 neminem
625 603 766 685 effugere
788 610 903 687 potest,
924 604 980 685 qui
1002 605 1035 668 in
1057 606 1162 667 animo
1183 605 1361 670 considera·

259 712 356 793 verit,
391 685 556 776 Eueddem
585 713 817 795 posterioribus
846 715 1042 797 temporibus
1074 713 1173 777 luisse
1195 734 1289 796 quam
1312 734 1361 778 eo

260 821 416 885 moediam
433 820 686 884 nebarnensium
708 829 810 885 aetam
833 842 914 903 osse,
937 823 969 886 in
986 844 1049 906 qua
1062 812 1150 887 illam
1168 822 1360 887 locutionem

256 930 325 1013 jum
340 929 576 1014 proverbialem
589 929 841 1014 fuisseapparet.
863 931 1067 1016 Quapropter
1078 952 1140 995 non
1153 932 1281 995 dubium
1290 952 1361 997 esse

260 1045 378 1122 potest,
401 1038 477 1120 quin
501 1061 520 1101 a
542 1039 664 1103 dolosis
679 1040 913 1121 Megarensium
936 1042 1049 1104 animis
1073 1041 1193 1105 locutio
1215 1051 1287 1105 erla
1309 1044 1359 1107 sit.

359 1146 441 1210 Tum
461 1147 545 1211 risus
560 1148 794 1227 Megarensium
811 1149 983 1229 prouerbio
1000 1134 1194 1232 eludebatur,
1217 1160 1253 1216 ut
1266 1148 1361 1232 γέλως

259 1252 424 1336 Μεγαρικός
447 1252 486 1319 de
509 1256 555 1319 eis
579 1255 747 1331 diceretur,
779 1254 832 1334 qui
858 1255 925 1316 risu
948 1257 1251 1340 res-approbarent,
1280 1281 1361 1343 quae

257 1363 396 1428 infacete
419 1362 525 1426 dietae
548 1369 664 1426 essent.
702 1361 869 1425 Pertinent
890 1360 930 1424 ad
946 1361 1027 1425 hanc
1042 1363 1236 1428 locutionem
1261 1371 1361 1433 verbu

258 1472 356 1535 Arist.
370 1472 402 1534 in
419 1491 508 1555 vesp.
525 1470 575 1534 54.
592 1468 647 1531 57:

457 1578 529 1663 φέρε
551 1582 599 1641 νῦν
621 1577 750 1641 κατείπω
772 1581 830 1645 τοῖς
854 1577 970 1644 θεαταῖς
991 1577 1039 1639 τὸν
1062 1576 1148 1660 λόγον

377 1722 380 1728 ,
458 1687 554 1770 ὀλίγον
578 1685 643 1750 ἄνθ’
666 1685 793 1749 ὑπειπὼν
816 1691 930 1768 πρῶτον
945 1684 1072 1748 αὐτοῖσιν
1089 1689 1162 1770 rudi,

457 1797 548 1882 μηδὲν
570 1797 637 1879 παρ’
658 1797 742 1878 ἡμῶν
766 1794 932 1878 προςδοκεῖν
956 1794 1018 1856 λίαν
1041 1793 1124 1876 μέγα,

457 1899 526 1988 μηδ’
548 1902 585 1967 αὖ
615 1904 757 1986 γέλωτα
784 1886 991 1987 Μεγαρόθεν
1018 1898 1221 1987 κεκλεμμένον.

257 2013 379 2083 Mrasm,
403 2035 434 2096 p.
462 2012 518 2083 146
535 2000 653 2104 docet,
685 2015 878 2078 locutionem
907 2015 939 2077 in
966 2032 1021 2077 eos
1043 2033 1119 2077 esse
1140 2014 1271 2094 dictam,
1304 2014 1359 2095 qui

257 2142 373 2204 parum
391 2123 580 2206 tempestive
598 2124 794 2206 jocarentur.
832 2122 912 2186 Orta
929 2130 980 2189 est
1001 2123 1122 2186 locutio
1141 2142 1181 2201 ex
1203 2143 1250 2204 eo,
1274 2123 1359 2206 quod

134 2245 136 2249 ·
257 2237 292 2295 ut
315 2231 494 2296 Meineluius
517 2232 550 2294 in
572 2231 676 2314 frgmt.
701 2231 788 2296 Com.
812 2232 834 2294 l.
859 2253 890 2315 p.
913 2230 950 2291 21
979 2232 1086 2311 docet,
1109 2231 1359 2308 comoediuMess

254 2339 449 2422 galensium,
473 2360 554 2423 (puae
577 2341 714 2422 aliquam
737 2341 790 2411 diu
813 2341 972 2424 viguerat,
1004 2341 1156 2425 paulatim
1191 2348 1359 2425 tantopere

255 2455 326 2512 erut
348 2448 493 2534 delapsa,
522 2461 556 2513 ut
578 2470 646 2512 cum
672 2448 877 2532 Megarenses
899 2450 1048 2514 iniaoetis
1081 2450 1189 2514 verbis
1223 2449 1359 2514 delecta·

255 2567 374 2637 rentur,
398 2559 481 2622 risus
498 2559 732 2642 Megarensium
754 2558 786 2621 in
809 2560 1012 2640 proverbium
1036 2559 1147 2622 abiret.
1185 2559 1258 2623 Hue
1280 2559 1358 2623 rese·

254 2666 355 2730 rende
377 2674 450 2731 sunt
472 2688 555 2751 quae
577 2668 676 2732 schol.
699 2668 740 2731 ad
763 2688 831 2731 run.
846 2666 887 2730 58
909 2675 942 2732 et
964 2670 1076 2752 Apost.
1092 2668 1132 2747 V,
1155 2667 1195 2732 29
1218 2675 1250 2733 et
1265 2668 1358 2750 Diog.

256 2774 316 2855 ΠΙ,
339 2773 380 2863 88
403 2783 542 2840 narrant.
598 2777 738 2842 Eandem
773 2776 964 2841 locutionem
998 2784 1224 2841 commemorat
1256 2777 1359 2860 Mupo·

254 2883 296 2946 lis
317 2881 396 2947 246:
415 2880 583 2967 Ἡράκλεις,
605 2886 684 2946 τοῦτ’
698 2884 771 2947 -ἐστί
792 2907 836 2948 σοι
857 2885 890 2948 τὸ
914 2886 1026 2967 σκῶρρ’
1051 2885 1173 2966 ἀσελγὲς
1195 2885 1242 2948 καὶ
1264 2882 1360 2967 Μεγα-

255 2992 333 3074 ρικὸν
356 2991 407 3053 παὶ
428 2991 544 3075 σφόδρα
572 2991 698 3078 ψυχρόν·
732 2996 853 3073 γελῶσιν
882 2993 939 3076 γὰρ
970 2997 1058 3077 (γελᾷ
1089 2993 1145 3076 γὰρ
1168 2995 1285 3078 Cobet)
1318 2998 1358 3063 ὡς

256 3100 336 3184 ὁρᾷς,
360 3100 395 3161 τὰ
418 3102 524 3164 παιδία.
569 3102 642 3166 Non
662 3103 774 3167 inutile
797 3103 937 3197 sit,‘boc
959 3104 1032 3167 loeo
1055 3111 1175 3186 notare,
1198 3105 1358 3168 etiamla-

237 3213 372 3287 crimas
396 3211 630 3294 Megarensium
652 3212 817 3296 proverbii
839 3212 942 3276 locum
965 3212 1150 3276 obtinuisse.
1195 3213 1359 3294 Megaren-

255 3320 335 3383 sium
358 3320 509 3383 lacrimae
532 3321 613 3383 enim
637 3341 694 3383 oue
709 3322 915 3401 vocabuntur,
939 3329 1021 3402 quae
1042 3341 1101 3404 per
1126 3321 1357 3387 simulationem

256 3428 347 3516 susae
369 3434 484 3508 esseut,
507 3435 542 3491 ut
564 3428 744 3510 Hesychius
766 3429 911 3509 tradidit,
939 3430 1094 3511 originem
1116 3430 1286 3494 locutionis
1309 3432 1356 3495 sie

255 3555 408 3599 nurruns:
434 3534 595 3618 Μεγαρέων
611 3537 737 3619 δάκρυα·
761 3538 843 3599 δοκεῖ
862 3540 984 3600 πλεῖστα
1006 3537 1131 3621 φύεσθαι
1154 3537 1184 3600 ἐν
1205 3544 1243 3622 τῇ
1259 3537 1357 3620 Μεγα-

257 3644 302 3728 ρία
335 3641 467 3726 σκόροδα,
492 3645 540 3707 καὶ
559 3646 708 3728 γπαροιμία
741 3646 787 3708 ἐπὶ
818 3652 876 3708 τῶν
901 3651 1127 3730 spermatum
1159 3647 1356 3731 δακρυόντων.

254 3754 418 3836 Originem
432 3774 471 3820 ex
483 3754 591 3818 fabula
603 3765 760 3839 sumptam
771 3777 822 3839 ep.
839 3756 958 3822 Zenob.
972 3758 1013 3839 V,
1025 3756 1045 3819 8
1056 3758 1155 3840 legas,
1173 3758 1201 3820 si
1219 3757 1355 3841 placeat.

356 3863 492 3944 Magnus
514 3873 564 3930 est
585 3885 731 3930 numerus
754 3866 962 3947 locutionum,
996 3867 1110 3948 quibus
1143 3886 1200 3931 eae
1221 3887 1274 3932 res
1296 3867 1358 3950 sig·
1413 3918 1420 3930 .
1531 3918 1532 3927 ,

255 3971 436 4053 nificentur,
471 3995 553 4058 quae
575 3974 695 4038 alieubi
714 3975 894 4059 praecipue
915 3975 1099 4056 gignuntur,
1134 3976 1185 4039 vel
1219 3985 1356 4059 agente

256 4082 393 4164 quadum
406 4083 560 4168 imprimis
574 4092 792 4169 procreantur,
803 4084 904 4147 veluti
925 4084 1062 4166 χρυσὸς
1084 4083 1107 4145 ‹i-
1119 4079 1355 4169 ,Κολοφώνιος

256 4192 289 4254 in
311 4191 417 4274 frgmt.
443 4190 512 4253 131.
536 4191 576 4257 es.
600 4193 720 4258 Zenob.
743 4191 812 4273 6,47
841 4200 873 4256 et
894 4193 978 4257 Plut.
999 4192 1040 4273 Π,
1066 4192 1117 4258 15:
1151 4192 1290 4276 μέμνηται
1322 4193 1356 4255 δὲ

255 4303 363 4382 ταύτης
381 4295 492 4382 Ἀριστ.
519 4300 550 4362 ἐν
571 4296 734 4384 Κωκάλῳ·’
758 4299 866 4384 εἴρηται
898 4301 932 4363 δὲ
963 4299 1092 4384 παρόσον
1124 4302 1153 4364 οἱ
1171 4297 1356 4388 Κολοφώνιοι

255 4411 303 4473 τὸν
325 4410 480 4471 κάλλιστον
503 4408 613 4495 χρυσὸν
635 4408 809 4494 ἐργάζεσθαι
830 4410 1000 4494 νομίζονται
