3100 4974
735 260 777 322 39

204 461 289 545 qnod
321 461 502 546 Hesychius
528 462 735 545 Aristophani
762 462 917 527 attribuit.
972 461 1093 540 Quodsi
1119 461 1304 526 Dindorfius

202 572 236 635 in
259 570 363 654 Irgmt.
387 571 460 636 doh.
483 571 547 635 VII
570 570 708 652 dubitat,
741 578 845 635 utrum
871 571 1052 655 Hesychius
1082 570 1238 635 comicum
1260 591 1301 634 un

204 680 442 762 grammaticum
465 679 594 761 dixerit,
629 680 704 745 mihi
733 680 872 762 quidem,
906 687 1075 765 postquam
1096 680 1169 744 illos
1191 700 1303 745 versus

202 789 280 871 legi,
311 790 430 874 quippe
453 791 485 853 in
508 790 623 872 quibus
644 789 716 853 fons
738 790 902 872 proverbii
925 790 1138 871 contineatur,
1164 809 1227 853 non
1249 790 1302 853 du-

203 900 286 963 bium
310 905 367 975 est,
391 899 467 981 quin
488 899 670 981 Hesychius
692 899 847 962 comicum
869 898 996 962 dixerit.

302 1007 420 1090 Magno
442 1007 475 1070 in
498 1027 628 1073 numero
652 1006 796 1070 Corinthi
819 1006 917 1071 fuisse
939 1014 1055 1088 scorta,
1078 1008 1301 1091 praeternlios

203 1099 238 1180 ct
256 1115 374 1180 Strabo
401 1115 484 1180 llbro
505 1115 586 1179 VIII
612 1114 724 1197 dooet;
757 1116 906 1201 templum
939 1102 1151 1182 enimtuissc
1181 1117 1300 1182 Veneri

15 1286 18 1309 ,
88 1296 91 1297 ⁷
201 1244 326 1289 sacrum
346 1224 491 1306 adeoque
512 1224 751 1308 locupletatum,
774 1234 809 1288 ut
830 1225 901 1309 plus
917 1225 1002 1289 mille
1021 1226 1145 1309 puellas
1159 1227 1301 1307 haberet,

200 1352 281 1416 quos
308 1332 467 1397 Corinthii
496 1335 616 1399 Veneri
643 1341 951 1415 consecrarentput
982 1335 1013 1397 In
1047 1335 1117 1418 ejus
1149 1336 1300 1400 honorem
1352 1330 1354 1335 ⁴

64 1490 79 1515 ,
198 1449 392 1525 prostarent.
437 1441 576 1519 Quarum
599 1451 719 1525 quanta
740 1444 896 1527 pecuniae
923 1444 1083 1526 cupiditas
1105 1443 1212 1525 fuerit,
1247 1447 1299 1527 qui

199 1570 399 1633 cognoscere
421 1552 511 1633 velit,
546 1553 633 1634 legat
665 1572 747 1635 qnae
780 1552 904 1618 Gellius
936 1560 1020 1617 noct
1042 1554 1109 1617 Att.
1129 1553 1157 1635 l,
1192 1551 1233 1614 83
1261 1554 1300 1618 de

200 1660 301 1724 Laide
324 1659 433 1725 reiert.
475 1661 526 1727 Hx
547 1668 725 1726 scortorum
748 1661 908 1727 illecebris
930 1669 963 1726 et
984 1661 1121 1725 avaritia
1135 1662 1215 1725 illud
1228 1682 1300 1746 pro·

199 1768 344 1834 verbium
366 1769 541 1852 profectum
564 1790 650 1852 esse,
683 1771 768 1854 quod
796 1791 893 1855 supra
919 1790 959 1834 ex
980 1771 1147 1854 Hesycbio
1170 1771 1298 1853 protuli,

198 1878 402 1944 consentiunt
423 1879 542 1944 Zenob.
565 1881 605 1960 V,
627 1878 666 1941 37
696 1888 728 1955 et
749 1880 843 1962 Diog.
867 1880 944 1961 VII,
979 1878 1027 1944 16.
1072 1878 1194 1956 Quodsi
1216 1883 1300 1963 Apo-

197 1989 314 2053 stolios
336 1988 434 2069 XIII,
467 1986 508 2050 60
530 2000 562 2053 et
582 1989 697 2054 Suidos
719 1997 847 2072 praeter
869 1988 1002 2054 eandem
1024 1989 1181 2072 originem
1203 1990 1297 2054 etiam

198 2099 282 2161 hano
299 2104 558 2164 commemorant:
581 2096 600 2179 ἣ
623 2097 670 2159 διὰ
684 2098 717 2159 τὸ
738 2098 919 2182 torricella
939 2096 1007 2160 εἶναι
1022 2101 1071 2160 τὸν
1087 2101 1188 2180 πλοῦν,
1211 2100 1300 2164 inani

198 2215 377 2271 commento
400 2208 535 2289 alicujus
553 2207 753 2289 grammatici
769 2227 808 2271 ea
825 2208 1049 2292 interpretatio
1065 2208 1212 2290 profecta
1227 2229 1298 2274 osse

198 2317 334 2381 uidetur.
390 2316 455 2382 Sed
480 2324 513 2380 et
533 2316 684 2381 Erasmus
716 2317 798 2380 hanc
826 2318 982 2400 probasse
1007 2317 1146 2400 ridetur,
1178 2318 1298 2402 quippe
1377 2319 1381 2326 ‘

199 2427 253 2508 qui
275 2427 309 2489 in
330 2448 362 2510 p,
387 2426 446 2489 106
473 2427 603 2506 doceat,
638 2427 842 2510 proverbium
875 2426 1001 2490 dictum.
1024 2446 1095 2491 esse
1129 2427 1169 2491 de
1202 2428 1297 2491 rebus

199 2534 308 2598 arduis
330 2544 363 2598 et
384 2535 472 2598 aditu
493 2536 691 2617 periculosis
712 2555 791 2617 quas
813 2555 877 2599 non
903 2535 946 2599 sit
968 2535 1139 2618 cujuslibet
1164 2537 1296 2600 hominis

199 2643 358 2708 affectare.
403 2645 598 2708 Mentionom
621 2644 699 2708 facit
719 2644 884 2728 prouerbii
906 2644 984 2707 Hor.
1007 2664 1057 2727 ep.
1082 2644 1108 2725 l,
1131 2644 1178 2725 17,
1199 2643 1253 2711 36:

299 2753 504 2837 Principibus
526 2753 687 2836 placuisse
709 2753 787 2816 viris
808 2771 871 2815 non
894 2752 1004 2816 ultima
1025 2753 1094 2816 lans
1117 2760 1175 2818 est.

298 2861 371 2926 Non
393 2863 495 2926 cuivis
517 2862 636 2925 homini
659 2861 817 2945 contingit
837 2862 928 2926 adire
950 2861 1145 2926 Corinthum.

298 2972 360 3036 Vel
377 2974 511 3037 verbum
526 2966 748 3054 Κορινθιάζομαι
770 2970 931 3053 significat
943 2972 1026 3036 idern
1050 2992 1090 3035 ae
1105 2971 1296 3053 lenocinium
1325 3015 1328 3019 >

199 3077 319 3162 facere,
341 3101 404 3164 qno
426 3081 657 3164 Aristophanes
679 3080 712 3142 in
735 3079 855 3143 Cocalo
876 3100 951 3144 usus
974 3092 1036 3161 est,
1058 3088 1101 3144 ut,
1115 3079 1295 3162 Stephanus
1328 3108 1330 3111 ·

15 3236 17 3247 .
82 3248 93 3261 x
197 3189 273 3271 Byz.
297 3209 322 3253 s.
345 3211 374 3252 v.
419 3185 559 3272 Κόρινθος
580 3189 691 3254 refert:
724 3190 771 3250 καὶ
797 3189 1011 3271 κορινθιάζομαι
1037 3188 1070 3250 τὸ
1097 3188 1216 3272 ἐναίρειν
1238 3191 1295 3252 ἀπὸ

195 3301 253 3358 τῶν
275 3297 305 3360 ἐν
325 3292 460 3381 Κορίνθῳ
482 3299 615 3380 ἑταιρῶν·
641 3297 660 3380 ἢ
683 3297 716 3359 τὸ
739 3297 942 3380 ραστοπεθειν·
962 3295 997 3359 ‘A
1021 3297 1050 3359 ἐν
1074 3294 1221 3380 Κωκάλῳ.

296 3405 408 3489 Neque
431 3408 531 3471 solnm
554 3419 662 3472 scorta
683 3407 926 3488 Corinthiorum,
949 3408 1005 3472 sed
1026 3408 1121 3471 etiam
1137 3407 1296 3473 Corinthii

195 3515 258 3598 ipsi
280 3516 376 3580 rebus
399 3517 538 3580 veneriis
562 3517 663 3582 dediti
674 3515 773 3582 fuisse
796 3519 993 3596 dicebantur,
1016 3525 1049 3582 ot
1063 3517 1181 3582 docent
1194 3521 1295 3583 verba

195 3624 227 3686 in
251 3623 377 3688 Thesm.
399 3624 538 3689 tot-4:
1061 3632 1065 3637 ’

904 3733 957 3797 κᾶν
982 3734 1095 3820 ἐκβάλῃ

397 3841 500 3910 σκεῦός
520 3866 546 3905 τι
564 3841 641 3908 ,κατὰ
662 3844 714 3926 τὴν
737 3841 825 3905 οἰκίαν
849 3843 1034 3927 πλανωμένη,

395 3952 468 4036 ἀνὴρ
492 3951 570 4035 {turpi
593 3955 654 4034 „rui
675 3951 814 4033 κατέαγεν
836 3953 855 4034 ἡ
876 3954 978 4036 χύτρα,

396 4061 453 4125 οὐκ
476 4059 540 4124 ἔσθ’
563 4061 644 4128 ὅπως
666 4061 699 4122 ori
721 4066 764 4145 τῷ
786 4056 930 4145 Κορινθίῳ
953 4062 1055 4146 ξένιρ.“

193 4168 274 4233 Item
296 4170 462 4234 libidinum
484 4172 597 4255 plenos
621 4170 719 4235 luisse
741 4169 917 4254 Carystius,
940 4165 1129 4255 intelligitur
1157 4192 1197 4236 ex
1217 4172 1293 4255 Lys.

196 4276 286 4342 1058.
312 4277 399 4347 1181.
424 4280 619 4363 eandemque
640 4283 681 4346 ob
704 4301 831 4345 oausam
855 4292 887 4348 et
908 4282 1026 4346 Ionica
1049 4283 1190 4346 carmina
1213 4282 1294 4346 mule

194 4386 365 4470 audivisse,
391 4389 508 4457 docent
528 4393 628 4456 verbo
650 4392 681 4454 in
704 4391 819 4455 eccles.
843 4389 904 4453 883
927 4398 960 4457 et
981 4389 1158 4456 ets-919.
