3100 4974
627 229 826 323 „u-

166 430 307 513 jeotam‚
340 435 429 495 reete
452 429 534 494 Mac.
558 429 653 512 VHp
675 430 786 511 docet,
816 430 899 495 hane
922 429 1169 514 explicationem
1191 449 1279 513 prae
1358 463 1361 468 ·

171 541 269 603 bens:
292 537 337 600 ἐπὶ
360 541 416 599 τῶν
439 540 521 621 ποίση
543 538 704 622 χρωμένων
727 539 885 623 προθυμίᾳ.
904 538 1041 617 ,Quodsi
1063 539 1147 604 idem
1170 559 1279 622 paroe-

172 648 381 731 miographus
403 650 503 712 verba
525 648 619 710 πάντα
641 646 722 711 λίθον
745 648 791 710 καὶ
812 650 906 710 πάντα
928 649 1026 709 κοίλων
1047 646 1116 710 κίνει
1135 668 1195 732 pro
1216 668 1278 712 uno

173 757 348 838 proverbio
371 757 480 838 habet,
512 757 545 821 in
574 777 683 822 errore
704 757 830 822 versari
851 757 928 821 mihi
950 757 1090 839 videtur3
1123 768 1196 820 natu
1222 756 1279 820 illa

173 866 276 930 verba
296 865 358 930 duo
380 866 553 950 proverbia
576 867 751 948 continent,
784 887 866 951 quse
894 873 968 932 sunt
992 866 1085 927 πάντα
1108 864 1188 927 root
1211 864 1280 927 κίνει

176 981 211 1038 et
233 975 325 1036 πάντα
347 976 446 1038 κοίλων
465 975 540 1058 κίνει,
564 975 604 1041 de
626 996 689 1060 qno
712 975 796 1040 inira
818 995 875 1039 suo
896 976 970 1039 loeo
992 974 1087 1059 plura
1108 974 1246 1039 afferam.

276 1083 461 1148 Facultates
490 1094 585 1166 atque
612 1096 698 1149 artes
729 1084 904 1161 hominum
921 1104 984 1148 non
1018 1083 1119 1146 omnis
1151 1083 1278 1166 generis

175 1211 249 1257 esse
271 1212 375 1275 posse,
398 1193 454 1258 ssd
478 1195 592 1278 cuique
613 1201 719 1259 certos
740 1192 819 1258 fines
842 1193 1056 1276 terminosque
1078 1192 1194 1275 agendi
1217 1192 1278 1256 sibi

174 1302 417 1366 constituendos
451 1322 534 1384 esse,
569 1312 661 1369 extra
693 1323 772 1386 quos
800 1303 910 1386 egredi
933 1322 995 1366 non
1022 1301 1149 1383 debeat,
1183 1301 1280 1366 docet

171 1411 379 1495 proverbium
412 1407 511 1494 ἔρδοι
546 1434 596 1479 τις
629 1412 667 1495 ἣν
695 1410 844 1479 ἕκαστος
872 1410 987 1493 εἰδείη
1014 1408 1156 1494 τέχνην,
1188 1430 1277 1494 vesp.

173 1517 267 1581 1431.
312 1519 513 1602 significatio
535 1520 627 1602 hujus
649 1521 826 1586 sententiae
853 1541 916 1583 non
938 1519 1027 1584 latet.
1072 1519 1186 1583 Latine
1209 1539 1279 1583 ean·

171 1629 248 1693 dem
274 1629 417 1694 reddidit
443 1629 511 1694 oio.
533 1630 630 1694 Tusc.
659 1651 710 1713 qn.
733 1630 761 1711 Ι,
786 1628 837 1712 18,
859 1628 913 1692 41:
952 1630 1052 1709 „bene
1084 1629 1167 1692 enirn
1200 1626 1279 1691 illud

171 1738 371 1802 Graecorum
386 1739 557 1823 proverbio
573 1739 773 1823 praecipitur
790 1759 901 1821 „quam
918 1739 1052 1822 quisque
1068 1739 1153 1801 norit
1169 1745 1278 1819 artem,

172 1848 206 1910 in
231 1847 292 1910 hae
316 1866 351 1911 se
373 1847 551 1912 exerceat“.
608 1848 718 1914 Simile
752 1855 801 1912 est
832 1848 1049 1932 proverbium,
1083 1846 1168 1929 quod
1193 1847 1277 1911 Mae.

172 1956 264 2037 VIII,
279 1953 320 2017 39
335 1957 481 2040 praebet:
506 1959 553 2018 τδν
569 1960 693 2040 ρροῦρον
709 1956 767 2040 χρὴ
784 1960 929 2041 φρουρεῖν,
952 1958 1000 2017 τδν
1024 1955 1134 2038 ἐρῶντα
1155 1955 1181 2016 δ’
1198 1953 1278 2036 ἐρᾶν,

175 2073 207 2129 et
227 2064 356 2128 Plinh
389 2087 418 2128 n.
442 2063 546 2145 salu:
580 2086 620 2130 ne
646 2073 735 2130 sutor
761 2066 845 2129 ultra
873 2065 1043 2149 crepidam.
1095 2062 1190 2148 Apud
1220 2083 1278 2127 nos

182 2173 350 2252 „Soliuster
376 2174 471 2238 bleib'
497 2175 551 2239 bei
577 2174 700 2239 deinem
726 2175 884 2239 heisten.“
941 2174 1067 2240 Similes
1101 2172 1278 2238 sententiae

178 2289 348 2347 occurrunt
374 2283 407 2345 in
433 2283 525 2348 Iliad.
548 2281 764 2364 ittae-35,
793 2305 843 2368 ap.
866 2284 1008 2366 Theogn.
1032 2280 1133 2361 9012.
1177 2282 1277 2364 Verg.

174 2393 287 2476 Eolog.
321 2391 401 2474 8‚63.
445 2393 515 2457 Liv.
548 2390 649 2473 aspi.
694 2392 734 2457 of.
770 2394 889 2458 adnott.
925 2392 966 2455 ad
998 2391 1081 2456 Mac.
1111 2391 1202 2472 VIII,
1228 2388 1277 2453 39.

173 2502 297 2566 Erasm.
320 2523 351 2586 p.
376 2500 436 2564 158
447 2522 475 2565 a.

275 2610 481 2694 Quantopere
496 2610 614 2675 Graeci
637 2618 830 2677 senectutem
845 2617 880 2674 ut
894 2610 1059 2675 molestam
1074 2610 1279 2692 ineptumque

175 2721 434 2805 contempserint,
458 2741 526 2785 oum
551 2720 622 2784 aliis
637 2720 729 2801 loeis,
752 2720 850 2784 veluti
864 2716 977 2783 Aesoh.
992 2720 1105 2801 Agam.
1123 2715 1177 2780 75:
1195 2715 1279 2800 ἰσχὺν

177 2827 310 2892 ἰσόπαιδα
336 2828 470 2913 νέμοντες
495 2828 542 2891 ἐπὶ
568 2829 730 2911 σκήπτροις,
752 2836 785 2894 et
804 2829 901 2911 Soph.
925 2826 1003 2891 Oed.
1027 2827 1096 2891 Col.
1116 2822 1279 2888 1230—38

180 2943 214 3001 et
233 2938 336 3003 Mimn.
360 2960 411 3024 ap.
434 2938 550 3020 Bergk.
579 2947 664 3021 poet.
698 2938 756 3021 lyr.
787 2959 833 3021 gr.
865 2939 892 3018 l,
925 2942 989 3000 turn
1023 2937 1194 3019 proverbio
1228 2933 1281 2998 do·

179 3066 296 3129 centur,
330 3048 415 3131 quod
437 3057 487 3112 est
514 3046 563 3114 δὶς
585 3047 710 3115 παῖδες
733 3048 763 3110 οἱ
784 3046 960 3131 γέροντες.
1005 3045 1192 3130 Explicatur
1213 3063 1280 3108 sen·

174 3158 276 3221 tentia
298 3178 318 3220 a
338 3158 433 3240 Diog.
455 3155 527 3238 4‚18
550 3164 582 3221 et
604 3178 623 3220 a
646 3156 732 3222 Suid.
757 3177 781 3220 s.
807 3178 850 3218 v.:
883 3154 929 3216 ἐπὶ
955 3157 1012 3216 τῶν
1035 3153 1093 3215 οἱπδ
1115 3156 1165 3215 τοῦ
1185 3152 1279 3235 γέρως

172 3265 387 3348 εὐηθεστέρων.
420 3267 457 3329 ln
473 3266 571 3330 schol.
588 3267 685 3330 Arist.
710 3265 798 3329 multi
822 3285 862 3329 ex
883 3265 955 3327 aliis
978 3263 1191 3346 scriptoribus
1214 3263 1279 3325 looi

172 3376 319 3439 annotati
342 3385 425 3456 sunt,
461 3376 514 3459 qui
537 3376 668 3439 eandem
697 3376 861 3439 continent
885 3374 1088 3451 sententiam,
1122 3381 1156 3436 ut
1180 3371 1278 3454 Soph.

172 3485 280 3566 frgmt.
302 3482 377 3547 434:
411 3486 496 3546 πάλιν
529 3482 567 3565 qul
618 3481 700 3550 αὖθις
728 3488 794 3551 παῖς
823 3485 838 3545 ὁ
867 3484 1021 3566 γηράσκων
1050 3481 1130 3564 ἀνήρ.
1182 3479 1278 3561 Soph.

173 3593 280 3677 srgmt.
295 3591 367 3655 500.
389 3594 472 3654 πάντ’
495 3591 645 3676 ἐμπέφυκε
666 3597 709 3675 rqi
731 3598 834 3675 μακρῷ
854 3593 931 3675 γήρᾳ
953 3593 1038 3671 κακοί,
1061 3594 1127 3656 νοῦς
1143 3589 1279 3672 φροῦδος,

172 3701 234 3786 ἔργ’
258 3703 371 3787 ἀχρεῖα,
395 3701 543 3786 φροντίδες
565 3702 658 3763 κακαί,
702 3701 809 3784 Eurip.
835 3700 953 3764 Phoen.
977 3698 1006 3763 3.
1035 3699 1186 3781 ὦγηρας,
1220 3695 1279 3757 οἷον

172 3815 232 3879 τοῖς
254 3808 371 3895 ἔχουσιν
394 3808 538 3875 είκοκόν.
583 3810 702 3874 Cratin.
726 3808 776 3874 35.
808 3806 828 3891 ἦ
856 3806 900 3892 ἄρ’
923 3809 1038 3891 ἀληθὴς
1061 3808 1076 3869 ὁ
1100 3806 1203 3888 λόγος,
1238 3806 1280 3873 δὶς

172 3925 239 3987 ταῖς
260 3919 362 4002 γε’ρων.
409 3920 494 3984 Oom.
518 3919 639 4003 Theop.
663 3917 717 3981 69:
742 3919 784 3986 δὶς
806 3921 907 3986 παῖδες
929 3918 955 3980 οἱ
976 3916 1109 4000 γέροντες
1132 3916 1216 4000 δρδηῖ
1237 3914 1281 4000 τῷ

174 4028 266 4113 λόγῳ.
304 4029 413 4096 Plato:
435 4027 481 4112 ἂρ’
505 4031 546 4096 ὡς
567 4026 644 4091 ἔοικε
666 4028 707 4095 δὶς
729 4027 830 4109 γένοιτ’
853 4026 888 4090 ἂν
911 4030 976 4094 ταῖς
998 4025 1101 4109 γέρων.
1133 4027 1279 4110 antipa:

172 4138 351 4222 γηροτροφία
382 4136 438 4221 γὰρ
472 4136 622 4221 προςέοικε
653 4137 855 4222 παιδοτροφίᾳ.
909 4137 1011 4201 Recte
1033 4133 1185 4200 Rohdew.
1207 4136 1227 4198 l.
1252 4156 1277 4199 o·

174 4248 266 4314 dicit:
300 4267 384 4329 „neo
418 4247 581 4329 discrepat
603 4247 706 4311 Plaut.
731 4248 829 4312 Mero.
865 4247 910 4328 Il,
938 4243 1023 4326 234:
1058 4265 1155 4309 senex
1186 4264 1279 4326 quom

174 4357 333 4442 extemplo
349 4359 419 4442 jam
439 4376 499 4421 nce
521 4357 618 4420 sentit
638 4377 698 4422 neo
721 4356 819 4440 sapit,
842 4355 933 4440 ajunt
954 4354 1058 4420 solere
1080 4373 1151 4419 eum
1172 4373 1280 4418 rusum
