3100 4974
710 270 909 371 „m-

263 471 368 538 iacere
400 472 555 554 voluisse,
588 492 629 537 cx
660 481 776 557 poetae
807 472 916 537 verbis
948 473 1029 557 ipsis
1061 472 1259 556 intelligitur.
1309 474 1362 540 De

260 582 518 667 pronuntiatione
541 581 581 646 cl.
605 580 746 665 Kriiger,
779 582 876 647 Grch.
900 582 1037 647 Gramm.
1060 584 1081 664 g
1103 581 1131 662 6,
1153 581 1183 664 5,
1207 582 1235 647 1.
1279 582 1361 661 Qua-

259 698 392 778 propter
414 690 597 756 Dindorfius
619 700 710 756 recte
731 691 901 757 lectionem
922 692 1023 775 γαλήν’
1045 691 1078 755 in
1100 694 1193 773 γαλῆν
1215 694 1360 757 mutavit.

360 801 409 866 De
436 800 590 885 piscando
624 801 816 884 deprompta
838 809 887 865 est
911 801 1045 875 locutio,
1079 792 1142 884 qu‘a
1163 800 1361 884 Bdelycleon

259 911 293 974 in
313 929 402 993 vesp.
429 907 488 971 175
510 928 585 973 usus
608 919 670 991 est,
702 910 757 973 ubi
789 929 860 974 cum
881 909 1068 974 Philocleon
1101 929 1291 993 quacunque
1313 931 1361 975 ra-

260 1020 348 1084 tione
370 1019 462 1083 domo
486 1019 640 1085 excedere
663 1020 794 1103 cupiens
827 1038 885 1103 por
917 1019 1038 1082 asinum
1071 1018 1188 1082 frustra
1219 1018 1362 1101 effugere

260 1135 393 1192 conatus
416 1134 510 1209 esset,
532 1128 726 1211 Bdelycleon
749 1109 942 1192 haec⁰verba
964 1127 1057 1191 dixit:
1082 1127 1149 1189 ἀλλ’
1173 1126 1226 1189 οὐκ
1248 1125 1361 1192 ἔσπασε

259 1236 473 1319 ταύτγγγ’,τγυοο
494 1238 595 1301 verba
607 1237 805 1302 scholiastes
825 1237 875 1300 his
890 1237 1043 1321 explicat:
1066 1234 1120 1299 οὐκ
1141 1235 1266 1321 ἐπέτυχε
1280 1237 1361 1321 παρὰ

259 1347 311 1428 τὴν
333 1343 607 1427 suprascriptae
630 1344 690 1427 μὲν
712 1347 731 1427 ἡ
755 1346 923 1428 μήρινθος
945 1343 1048 1407 οὐδὲν
1071 1342 1251 1409 ἔσπασεν.“
1286 1345 1359 1411 Non

260 1461 350 1519 recta
372 1464 444 1518 sunt
459 1474 541 1537 qnae
558 1454 746 1519 scholiastes
769 1454 871 1520 addit:
895 1452 1038 1535 ἐλέγετο
1062 1453 1099 1517 δὲ
1118 1454 1174 1516 ἐπὶ
1195 1458 1252 1516 τῶν
1274 1455 1359 1539 πείρα

258 1560 416 1624 καθιέντων
440 1560 590 1646 ἄγκιστρον
614 1561 688 1646 μετὰ
714 1564 832 1648 σχοίνου
853 1563 901 1626 καὶ
923 1566 962 1648 μὴ
984 1562 1232 1649 ἐπιτυγχανόνιων
1254 1564 1358 1647 ἰχθύος

259 1669 342 1737 τινός.
375 1670 457 1736 Nam
479 1692 550 1735 cum
564 1672 614 1735 his
636 1673 743 1736 verbis
758 1673 944 1758 explicetur,
966 1673 1050 1738 unde
1066 1674 1186 1738 locutio
1203 1674 1356 1756 originem

258 1780 399 1862 duxerit,
423 1801 486 1845 non
507 1783 609 1845 verba
641 1779 737 1861 ἐλέγ.
769 1780 823 1843 ἐπὶ
856 1786 922 1843 τῶν
952 1782 1355 1863 κ.τ.λ.ι11υυυι1αειυυλ,

260 1890 317 1955 sed
344 1892 558 1974 μετήνακται
584 1889 651 1951 ἀπὸ
676 1894 743 1951 τῶν
769 1913 795 1953 κ.
818 1914 844 1953 τ.
868 1894 894 1954 λ.

360 1999 479 2064 ldadcrn
501 1999 621 2063 locutio
644 2001 786 2064 occurrit
807 2001 839 2063 in
856 2001 983 2066 Thesm.
1000 1999 1070 2081 928,
1092 2002 1147 2065 uhi
1169 1999 1359 2064 scholiastes

259 2116 348 2173 recte
381 2109 554 2190 annotavit,
588 2109 664 2193 quid
688 2110 860 2192 significet:
884 2110 1020 2194 παροιμία
1042 2108 1088 2171 ἐπὶ
1109 2114 1167 2171 τῶν
1190 2107 1362 2193 ἐπιχειρούν-

257 2239 315 2278 των
338 2240 363 2279 τι
384 2221 473 2280 ποιεῖν
496 2217 541 2278 καὶ
564 2216 833 2301 ἀποτυγχανόντων.
858 2218 897 2282 cf.
921 2219 1065 2284 Eustath.
1089 2218 1139 2282 ad.
1162 2219 1199 2283 Il.
1216 2219 1273 2299 IX,
1287 2216 1361 2281 423.

257 2325 297 2390 G.
321 2326 356 2390 Ο.
380 2326 422 2390 M.
446 2326 470 2407 Ι,
496 2326 522 2390 l.
556 2327 650 2409 Diog.
673 2327 731 2408 ΙΙΙ,
753 2325 804 2390 35.
849 2328 960 2393 Simile
992 2335 1041 2393 est
1072 2327 1152 2391 illud
1179 2328 1379 2392 Plautinum.

259 2434 396 2516 „lineam
417 2436 556 2500 mittam⁶⁸
581 2442 672 2499 most.
695 2434 799 2518 5,1‚22
822 2435 940 2520 (1010),
966 2437 1044 2501 nihil
1066 2438 1153 2502 aliud
1175 2436 1363 2521 significans

258 2552 353 2628 atque
378 2545 471 2626 „dolo
496 2545 665 2630 captabo“.
681 2582 722 2590 —
736 2545 854 2609 Paucis
876 2547 1037 2638 attingam,
1060 2547 1147 2611 viros
1166 2548 1279 2611 doctos
1299 2546 1363 2609 dis·

256 2655 387 2736 sentire,
412 2656 465 2719 cui
489 2676 697 2740 personarum
720 2674 838 2738 versus,
862 2657 916 2740 qui
939 2654 1229 2730 cosdresnam,
1256 2655 1357 2719 adtri-

257 2764 401 2828 buendus
423 2765 474 2829 sit.
520 2764 698 2830 Secundum
732 2766 862 2830 codices
894 2786 957 2830 una
989 2785 1028 2830 ex
1061 2766 1242 2830 mulieribus
1275 2765 1360 2829 hunc

258 2894 384 2937 versum
402 2876 530 2939 elocuta
546 2880 603 2956 est,
626 2873 709 2957 quod
725 2877 935 2958 comprobant
949 2875 1147 2939 Fritaschius
1161 2873 1359 2939 etRohdew.
1467 2896 1469 2900 ·

256 2982 278 3047 l.
304 3003 332 3047 c.
377 2982 498 3047 Contra
518 2982 698 3046 Brunckius
725 2990 757 3047 et
777 2984 922 3066 Engerus
952 2992 985 3050 et
1006 2983 1190 3048 Dindorfius
1212 2982 1361 3048 Mnesilo-

261 3093 354 3156 chum
379 3095 473 3157 istnm
508 3113 633 3158 versum
665 3092 864 3176 eloquentem
898 3095 1036 3176 iaciunt3
1069 3114 1172 3177 neque
1203 3092 1361 3156 immerito

257 3223 328 3267 mea
350 3203 477 3286 quidem
499 3205 665 3270 sententia.
1355 3284 1357 3288 ,

359 3313 388 3374 A
410 3313 629 3378 balneatorem
652 3314 788 3397 segnitie
809 3319 881 3377 orta
903 3322 952 3377 est
973 3313 1095 3378 locutio
1126 3312 1268 3395 ἐμαυτῷ
1301 3312 1360 3395 βα-

258 3419 432 3500 λανεύσω,
456 3421 489 3484 in
512 3442 581 3506 pao.
608 3422 696 3503 1103,
719 3444 812 3506 quam
835 3423 1024 3488 scholiastes
1045 3429 1167 3488 tantum
1184 3441 1242 3504 per
1263 3420 1358 3481 διακο-

256 3530 338 3612 νήαω
362 3531 512 3615 explicat.
556 3533 617 3615 Ap.
641 3531 717 3596 Zen.
740 3532 798 3611 Ill,
819 3531 869 3595 58.
893 3538 998 3596 autem
1027 3532 1176 3616 legimus:
1204 3528 1359 3613 παροιμία·

257 3637 343 3700 οἱονεὶ
358 3638 477 3725 ἐμαυτῷ
493 3642 669 3725 dioscoriam.
692 3641 813 3721 Λέγεται
830 3642 873 3726 δὲ,
897 3639 964 3703 ὅταν
981 3641 996 3703 ί)
1012 3638 1155 3728 βαλανεὺς
1169 3637 1358 3721 νωθρείιηται,

257 3746 305 3809 καὶ
327 3740 425 3832 ἑαυτῷ
447 3772 486 3817 τις
509 3751 645 3834 λαμβάνῃ
667 3750 718 3833 τὴν
739 3751 890 3833 ἀρύταιναν
918 3752 965 3813 καὶ
993 3752 1121 3834 διακονῇ.
1146 3750 1185 3814 cf.
1211 3751 1292 3833 App.
1316 3748 1358 3829 ΙΙ,

256 3856 307 3921 53.
331 3857 369 3922 G.
394 3857 429 3923 (λ
452 3860 495 3924 Μ.
518 3860 576 3942 Ill,
597 3858 627 3924 5.
652 3859 773 3925 Flrasm.
798 3883 828 3944 p.
850 3860 921 3925 262.
966 3862 1080 3945 Inepta
1106 3869 1157 3924 est
1184 3859 1287 3923 altera
1312 3857 1358 3920 in·

256 3969 460 4052 terpretatio,
483 3990 577 4052 quam
599 3989 650 4053 ap.
674 3969 792 4034 Zenob.
815 3973 835 4035 l.
860 3992 886 4035 ο.
911 3971 1058 4053 legimus:
1091 3966 1110 4050 ἢ
1140 3966 1198 4030 ἀπὸ
1226 3969 1282 4028 τῶν
1311 3966 1359 4049 βα-

258 4077 364 4145 λάνους
386 4076 582 4162 ἐγκρυβὸντων
615 4077 656 4146 εἰς
688 4081 753 4162 πῦρ.
808 4081 925 4145 Notum
950 4086 1011 4160 est,
1045 4078 1191 4143 Graecos
1224 4075 1357 4159 glandes

257 4193 381 4252 torrere
403 4195 436 4251 et
458 4187 554 4252 edere
576 4187 690 4252 solitos
713 4209 793 4254 esse.
837 4188 1041 4273 Quapropter
1074 4209 1092 4254 c
1124 4209 1236 4252 vocum
1260 4185 1359 4250 affini-

257 4305 324 4362 tate
347 4296 485 4380 βαλάνου,
509 4317 591 4380 quae
606 4298 698 4379 glans
715 4306 771 4378 est,
796 4307 829 4363 et
850 4298 1013 4382 βαλανείου,
1038 4299 1122 4382 quod
1138 4298 1284 4362 balneum
1300 4302 1357 4377 est,

257 4407 406 4490 ambigna
428 4406 599 4470 locutionis
621 4406 843 4491 interpretatio
866 4414 937 4471 orta
958 4415 1016 4472 est.
