3100 4974
741 238 781 299 14

210 461 274 524 qua
296 440 336 505 de
356 438 519 504 locutione
537 437 621 503 infra
644 438 806 519 disseram,
830 443 862 504 et
883 438 916 502 in
938 438 1015 523 plut.
1039 435 1115 501 258:

360 549 445 634 βάλλ’
468 548 497 616 ἐς
519 545 659 632 κόρακας·
682 550 723 615 ὡς
744 546 874 633 χαλεπόν
897 547 965 610 τίσιν
988 547 1014 610 οἱ
1036 547 1114 633 φίλοι

360 658 386 719 οἱ
407 656 573 742 φαινόμενοι
590 659 779 742 παραχρῆμα,
803 655 845 718 ὅτ’
869 654 904 717 ἂν
926 657 1040 740 πράττρ
1063 679 1102 724 τις
1124 651 1167 718 εὖ.

211 765 338 832 Similes
361 768 537 832 sententiae
559 773 731 831 occurrunt
752 788 804 851 ap.
827 766 973 849 Theogn.
997 763 1146 844 643-4,
1168 762 1311 844 eet-8,

211 872 365 939 est-61.
409 875 529 940 Eadem
553 875 713 941 sententia
740 881 772 940 et
794 874 880 959 apud
900 872 1062 941 Romanos
1084 875 1117 938 in
1139 873 1312 958 proverbio

211 988 294 1049 erat:
317 984 429 1049 Donec
452 984 515 1048 eris
538 984 623 1065 felir,
645 984 760 1049 multos
782 985 963 1049 numerabis
986 985 1114 1050 amicos.
1153 983 1314 1067 Tempora

212 1094 239 1156 si
261 1092 380 1157 fuerint
400 1094 518 1174 nubila,
541 1093 628 1158 solus
651 1095 734 1165 eris„
1226 1168 1227 1171 Ἴ

314 1203 469 1266 Homines
492 1203 618 1266 omnino
642 1222 713 1267 esse
734 1203 834 1266 malos
850 1222 984 1285 eamque
1005 1203 1048 1266 ob
1071 1221 1198 1266 causam
1220 1202 1314 1266 nobis

213 1313 388 1378 cavendum
411 1331 491 1393 esse,
514 1333 554 1377 ne
575 1311 697 1375 malitia
718 1311 878 1375 hominum
900 1311 1045 1375 damnum
1068 1312 1240 1396 capiamus,
1263 1311 1316 1375 ad·

212 1430 319 1487 monet
345 1421 562 1505 proverbium,
596 1419 680 1503 quod
714 1428 763 1484 est
794 1419 857 1480 ὑπὸ
890 1420 993 1482 παντὶ
1028 1420 1116 1504 λίθῳ
1145 1418 1315 1501 σκορπίος

212 1531 397 1595 καθεύδει.
416 1564 419 1572 .
440 1530 477 1592 In
499 1529 626 1594 Thesm.
648 1527 802 1591 seo-28
825 1530 973 1595 mulieres
996 1529 1193 1594 iracundiam
1216 1530 1314 1614 repri-

212 1660 298 1704 mere
313 1660 376 1703 non
393 1645 533 1723 possunt,
557 1639 642 1722 quod
660 1625 884 1720 Mnesilochus,
908 1646 999 1704 veste
1014 1639 1161 1702 muliebri
1177 1638 1311 1720 indutus,

212 1749 377 1833 Euripidis
399 1768 528 1813 causam
550 1747 693 1812 defendit
719 1755 815 1830 atque
841 1748 1026 1813 mulieribus
1053 1748 1230 1831 maledicit3
1264 1748 1312 1812 oui

212 1859 427 1940 indignationi
449 1863 611 1943 postremo
635 1857 715 1921 haec
735 1858 835 1921 verba
857 1857 991 1938 adduut3

258 1978 261 1983 '
513 1966 564 2047 τὴν
587 1966 739 2049 παροιμίαν
762 1967 787 2028 δ’
811 1966 918 2028 ἐπαινῶ

513 2074 564 2156 τὴν
587 2076 727 2142 παλαιάν·
751 2075 807 2138 ὑπὸ
831 2076 905 2158 λίθῳ
927 2073 983 2159 γάρ

485 2216 486 2219 “
512 2183 597 2245 παντί
616 2206 671 2245 που
693 2185 751 2267 χρή

517 2290 556 2374 μὴ
580 2293 658 2376 δάκιρ
679 2293 777 2376 ῥήτωρ
800 2293 906 2375 άθρεῖν.

313 2401 560 2484 Aristophanem
581 2403 696 2467 iterum
717 2404 863 2485 tetigisse
884 2410 1004 2467 tantum
1030 2401 1248 2486 proverbium,
1284 2408 1317 2465 et

214 2529 295 2573 voce
316 2508 389 2591 λίθῳ
412 2511 526 2594 puyeis
548 2519 732 2593 suggestum
752 2512 992 2595 intelligendum
1016 2531 1095 2593 esse,
1118 2518 1207 2576 recte
1223 2530 1317 2574 anno-

215 2620 297 2683 tavit
327 2620 514 2702 Burgesius,
551 2641 644 2703 quem
657 2606 861 2685 ‘Fritzsohius
894 2629 926 2684 et
947 2620 1093 2703 Elngerus
1129 2626 1313 2703 sequuntur.

214 2726 332 2792 Natum
355 2734 404 2792 est
429 2730 633 2813 proverbium
663 2750 702 2794 ex
729 2730 830 2795 scolio
853 2731 1029 2813 Praxillae‚
1062 2737 1096 2794 ut
1127 2729 1316 2794 scholiastes

215 2836 325 2901 refert:
360 2837 393 2899 ἐκ
424 2842 481 2899 τῶν
506 2839 547 2904 εἰς
575 2837 738 2922 Πράξιλλαν
765 2837 991 2923 ἀναφερομένων
1021 2837 1101 2920 „tat
1132 2837 1215 2900 παντὶ
1242 2837 1316 2919 λιθῳ

215 2946 349 3029 σκορπίον
372 2946 396 3008 ὦ
419 2948 507 3029 ’ccipe
529 2946 711 3032 poddessffl,
756 2948 804 3012 Ol.
827 2949 941 3013 Athen.
956 2949 1030 3030 XV,
1046 2971 1077 3033 p.
1093 2946 1155 3011 695
1176 2948 1215 3010 D.
1239 2946 1316 3027 Zeu,

215 3055 503 3121 lemen-Schriften
525 3057 550 3120 Ι.
574 3078 605 3140 p.
629 3055 678 3120 to.
722 3057 824 3121 Recte
846 3057 1094 3122 Rohdewaldius
1115 3057 1136 3120 l.
1162 3077 1188 3121 c.
1213 3055 1317 3119 admo·

216 3165 292 3246 nuit,
316 3168 528 3249 proverbium,
552 3187 622 3230 cum
638 3166 753 3230 multus
769 3167 838 3249 ejus
853 3187 928 3230 usus
948 3167 1068 3247 fuisset,
1091 3168 1122 3229 in
1137 3165 1319 3229 breviorem

218 3273 350 3336 formam
383 3295 454 3339 esse
488 3282 694 3340 contractum.
756 3274 856 3351 Quam
894 3278 934 3338 ob
966 3297 1032 3340 rem
1065 3276 1200 3358 legimus
1233 3274 1318 3359 apud

218 3383 421 3448 scholiasta'm
444 3385 606 3469 Aristoph.
630 3386 724 3446 πάντα
748 3384 828 3459 λίθον
851 3384 931 3465 κίνει,
955 3386 1009 3468 qui
1032 3394 1137 3449 tamen
1159 3384 1245 3468 quod
1267 3383 1319 3446 ad·

218 3492 266 3555 dit
286 3496 387 3557 verba
407 3492 453 3554 καὶ
474 3493 558 3576 ἑτέρα
582 3493 640 3576 (sc.
657 3491 806 3576 παροιμία)
832 3501 942 3557 censet
963 3494 1024 3557 hoo
1047 3513 1119 3557 esse
1142 3492 1227 3556 aliud
1249 3512 1319 3576 pro-

193 3676 194 3680 *
217 3603 368 3666 verbium.
416 3601 507 3667 Unde
527 3604 731 3687 proverbium
754 3603 910 3684 originem
932 3603 1071 3682 duxerit,
1105 3602 1199 3687 plane
1222 3601 1319 3684 expli-

219 3721 323 3775 catum
341 3713 427 3797 apud
449 3713 570 3776 llrasm.
587 3735 618 3796 p.
635 3711 695 3773 115
711 3713 858 3794 legimus:
882 3719 1029 3794 „constat
1044 3720 1156 3792 autem,
1173 3710 1318 3794 scorpios

219 3822 323 3886 solere
346 3825 403 3886 suh
427 3824 513 3887 saxis
538 3824 695 3903 cubitare;
718 3842 800 3903 quae
823 3823 850 3885 si
877 3822 948 3905 quis
976 3821 1069 3885 tollat
1090 3821 1261 3900 incautius,
1283 3818 1320 3882 fit

217 3938 252 3993 ut
286 3931 369 3995 ictus
407 3933 519 3996 vulnus
557 3932 727 4015 accipiat.“
788 3929 871 4019 Quid
907 3929 1067 4012 significet
1104 3929 1318 4013 proverbium,

218 4040 439 4122 explicuerunt
467 4042 585 4105 Zenob.
609 4041 665 4121 VI,
686 4038 728 4100 20
755 4034 802 4100 ἐπὶ
827 4043 884 4101 τῶν
911 4039 1068 4121 κακοήθων
1096 4038 1143 4100 καὶ
1171 4038 1319 4120 ἐριστικῶν

220 4155 252 4212 et
272 4149 366 4231 Diog.
389 4152 479 4233 VIII,
502 4150 543 4212 59
566 4158 598 4215 et
619 4150 703 4213 Mac.
723 4149 811 4229 VIII,
833 4147 873 4209 69
897 4147 943 4209 ἐπὶ
964 4148 1152 4231 πολοπληθίορ
1172 4152 1229 4209 τῶν
1251 4170 1318 4208 παν-

217 4261 309 4344 ταχοῦ
332 4256 422 4323 ὄντων
446 4263 579 4342 πονηρῶν
602 4259 774 4341 ἀνθρώπων.
818 4258 996 4322 Proverbio
1024 4259 1118 4319 πάντα
1145 4257 1227 4318 λίθον
1252 4256 1320 4319 κίνει

218 4390 282 4434 non
309 4390 441 4453 prorsus
469 4369 615 4452 candem,
650 4368 707 4432 sed
733 4374 902 4450 cognatam
930 4374 1050 4433 tantum
1071 4368 1136 4430 vim
1159 4386 1230 4431 esse
1251 4367 1320 4430 sub·
1349 4385 1352 4390 ·
