3100 4974
763 283 804 346 5ss

689 371 885 380 .----.---

236 490 494 572 comprobemus,
527 487 582 551 ille
612 505 727 551 versus
758 507 821 551 non
850 488 920 569 jam
953 492 1120 569 suspectus
1147 492 1204 550 est.
1253 484 1334 549 Nam

234 595 409 680 Euelpides
442 596 533 677 dicit,
581 616 616 661 se
647 597 784 661 Tereum
818 616 985 680 quaerere,
1020 596 1108 678 eujus
1141 594 1335 660 domicilium

235 705 367 770 neseiat.

331 872 389 936 IV.
435 869 479 937 lle
502 869 723 939 locutionibus
747 870 907 955 promptis
931 888 972 940 ex
993 869 1116 940 lahulls
1137 867 1240 938 dotis.

335 1005 383 1068 le
416 1004 525 1069 subula
557 1012 628 1070 ortu
662 1027 733 1071 esse
758 1007 886 1071 videtur
915 1006 1035 1072 looutio
1059 1027 1140 1091 quae
1162 1012 1211 1071 est
1232 1004 1248 1066 ό
1270 1005 1336 1071 Διὸς

233 1109 373 1198 Κόρινθος
395 1114 428 1177 in
449 1134 516 1177 ran.
539 1112 611 1194 439,
634 1117 688 1178 nbi
709 1116 869 1178 Xanthias
891 1135 1011 1196 servus,
1035 1117 1088 1197 qui
1111 1115 1272 1181 Baoohum
1294 1113 1335 1177 ad
1423 1160 1424 1163 ,

235 1224 355 1287 inferos
377 1213 635 1306 proficiscentem
657 1223 826 1286 comitatur
848 1229 881 1285 et
895 1224 1038 1286 sarcines
1060 1224 1198 1288 humeris
1219 1229 1335 1307 portet,

234 1352 331 1396 onere
346 1331 541 1394 sarcinarum
558 1349 730 1414 oppressus
750 1331 901 1412 queritur,
923 1330 1007 1392 viam
1029 1339 1093 1395 tem
1114 1331 1242 1413 longam
1266 1351 1336 1395 esse

234 1460 331 1523 seque
364 1439 525 1523 paululum
558 1439 761 1529 requiescere
790 1459 852 1502 non
873 1457 979 1522 posse.
1033 1437 1157 1502 Deinde
1189 1439 1335 1502 Beoohus

233 1548 395 1633 paululum
418 1547 570 1628 constitit,
593 1553 628 1609 ut
650 1556 830 1631 quaereret,
863 1568 936 1610 num
957 1566 1031 1611 mox
1053 1546 1093 1610 ad
1115 1546 1260 1609 Plutonis
1283 1547 1336 1609 do·

234 1678 316 1720 mum
338 1663 548 1741 peruenturus
571 1663 669 1738 esset,
692 1662 817 1720 etcum
840 1655 1060 1739 comperisset,
1092 1654 1211 1737 sejam
1232 1673 1334 1737 prope

234 1764 379 1830 Plutonis
414 1765 538 1828 domum
569 1785 652 1846 esse,
686 1785 812 1829 seruum
834 1765 928 1847 jubet
950 1765 1094 1828 sarsinas
1117 1798 1157 1807 -
1179 1782 1257 1845 quas
1279 1762 1334 1826 ille

234 1875 358 1939 interea
375 1874 443 1956 jam
465 1874 659 1958 deposuerat
685 1910 725 1920 —-
748 1874 862 1938 iterum
883 1873 1021 1937 humeris
1044 1873 1207 1955 imponere
1240 1867 1334 1952 (αἴροι’

234 1979 269 2044 ἂν
292 1978 383 2062 αὖθις,
406 1980 520 2061 deul).
557 1983 636 2045 Tum
652 2002 764 2047 servus
779 1982 963 2064 indignatus
979 2002 1018 2046 ea
1034 1982 1074 2045 de
1088 2001 1124 2045 re
1145 1982 1334 2062 interrogat:

232 2093 318 2152 τοῦτο
340 2091 369 2152 τί
387 2088 422 2173 ἦν
445 2089 477 2151 τὸ
500 2093 632 2174 πρᾶγμα;
666 2090 732 2152 ἀλλ’
760 2088 779 2172 ἢ
808 2092 886 2158 Διὸς
911 2086 1086 2172 Κόρινθος
1113 2089 1143 2151 ἐν
1171 2090 1228 2156 τοῖς
1248 2087 1338 2168 στρώ·

236 2220 333 2282 μασιν;
367 2199 422 2262 ubi
445 2199 543 2263 schol.
568 2200 607 2264 de
629 2200 737 2263 verbis
759 2199 825 2266 Διὸς
848 2194 990 2283 Κόρινθος
1010 2200 1109 2264 haee:
1131 2197 1269 2280 παροιμία
1291 2195 1338 2258 ἐπὶ

235 2309 292 2368 τῶν
314 2305 351 2369 τό
373 2306 448 2370 αότόι
470 2310 600 2391 συνεχῶς
622 2307 776 2389 λεγόντοιν.
830 2308 925 2373 Unde
958 2316 1030 2372 orta
1056 2309 1099 2372 sit
1119 2307 1239 2371 locutio
1248 2353 1255 2385 ,
1289 2306 1336 2369 sio

235 2417 320 2499 apud
336 2416 468 2480 eundem
485 2417 688 2481 solroliastam
705 2417 897 2501 explicatum
913 2418 1059 2500 legimus:
1081 2417 1229 2499 Μεγαρεῖς
1246 2409 1335 2498 συνῴ-

233 2549 301 2589 κουν
317 2521 478 2608 Κορινθίοις
497 2525 543 2587 καί
565 2525 663 2588 πολλὰ
686 2528 847 2609 πάσχοντες
862 2529 958 2594 κακῶς
973 2526 1019 2587 ὑπ’
1041 2526 1136 2588 αὐτῶν
1159 2522 1336 2606 ἀπέστησαν·

236 2632 297 2697 εἶτα
319 2634 392 2717 πρὸς
415 2633 520 2702 αὐτοὺς
536 2633 714 2701 ἀπελθόντες
736 2635 868 2720 πρέσβεις
890 2634 984 2718 ἠξίουν
1007 2633 1175 2698 ἐπανελθεῖν
1197 2632 1243 2694 καὶ
1258 2654 1336 2693 συνε-

233 2746 297 2826 χῶς
325 2739 445 2824 ἔλεγον,
479 2742 584 2809 όΔιός
605 2738 746 2826 Κόρινθος
773 2743 846 2826 ὑμᾶς
873 2743 972 2826 ποθεῖ,
1006 2742 1110 2810 όΔιθς
1131 2738 1274 2824 Κόρινθος
1302 2728 1336 2802 δι’

235 2850 309 2934 ὑμᾶς
333 2854 480 2933 λυπεῖται,
503 2852 550 2914 καὶ
571 2855 701 2936 συνεχῶς
723 2854 755 2914 τό
778 2852 793 2914 ό
816 2852 883 2919 Διὸς
904 2848 1046 2935 Κόρινθος
1067 2849 1183 2932 ἔλεγον·
1206 2849 1274 2912 όθεν
1297 2849 1338 2916 εἰς

233 2960 285 3042 τὴν
308 2958 460 3044 παροιμίαν
483 2958 576 3042 ἦλθον
599 2959 645 3021 ἐπὶ
667 2964 724 3021 τῶν
746 2962 821 3023 ποίνυ
845 2965 877 3022 τθ
900 2961 970 3023 αὐτό
985 2963 1152 3024 ποιούντων.
1188 2959 1265 3037 Quis
1285 2953 1338 3019 Κό-

235 3068 329 3150 ρινθος
351 3068 456 3150 fuerit,
479 3070 506 3133 si
529 3090 673 3152 quaeres,
698 3071 888 3134 scholiastes
910 3070 995 3134 idem
1017 3069 1129 3149 refert,
1153 3069 1338 3133 Corinthum

234 3177 334 3243 fnisse
355 3177 453 3242 filium
477 3180 570 3243 lovis
593 3185 626 3243 et
647 3199 755 3260 regem
778 3179 922 3243 Corinthi
945 3179 1067 3261 oppidi.
1111 3178 1197 3242 ldem
1221 3176 1337 3259 signifi·

235 3298 289 3352 oet
309 3288 430 3352 looutio
460 3308 541 3370 quae
574 3295 624 3352 est
655 3287 687 3346 τὸ
710 3286 781 3349 αὐτὸ
803 3285 888 3370 pluere
910 3281 1002 3370 ᾄσρα;
1035 3288 1086 3350 oui
1120 3294 1257 3367 cognate
1289 3292 1338 3349 est

235 3396 358 3477 Latina,
382 3417 432 3480 ap.
457 3396 530 3459 Ter.
555 3395 680 3458 Phorm.
703 3393 781 3456 495:
816 3395 966 3474 „eandem
997 3396 1187 3459 cantilenam
1215 3395 1333 3458 oanis.“

235 3505 348 3589 Neque
372 3502 537 3567 dissimilis
558 3510 668 3567 nostre
690 3509 741 3567 est
773 3523 826 3582 „es
848 3493 1023 3568 istimmer
1049 3505 1101 3569 die
1125 3504 1189 3569 alte
1211 3504 1336 3568 Leier“.

336 3612 471 3677 Locutio
487 3610 553 3678 Διὸς
569 3606 709 3695 Κόρινθος
730 3612 844 3676 iterum
865 3612 983 3695 legitur
996 3613 1029 3677 in
1046 3613 1160 3678 eoeles.
1176 3611 1269 3676 823-
1280 3609 1334 3676 29:

436 3747 469 3809 τό
492 3747 518 3808 δ’
540 3743 664 3830 ἔναγχος
687 3744 744 3831 οὐχ
765 3745 890 3814 ἅπαντες
911 3747 993 3830 ἡμεῖς
1016 3745 1150 3832 ὤμνυμεν

435 3857 553 3918 τάλαντ’
575 3839 697 3918 ἔσεσθαι
718 3853 891 3918 πεντακόσια
913 3861 951 3939 τῇ
972 3854 1056 3918 πόλει
1543 3900 1544 3923 ι

435 3969 487 4048 τῆς
508 3969 745 4049 τετταρακοστῆς,
769 3965 803 4048 ἣν
826 3963 935 4048 ἐπόρισ’
957 3960 1124 4048 Εὐριπίδης;

436 4072 541 4142 κεόθθς
562 4072 745 4157 κατεχρόσου
767 4077 823 4142 πᾶς
845 4074 917 4156 ἀνὴρ
940 4069 1093 4157 Εὐριπίδην

435 4182 485 4246 ὅτε
508 4184 544 4266 δή
568 4183 593 4245 θ’
617 4182 879 4264 ἀνασκοπουμένοις
900 4181 1032 4267 ἐφαίνετο

435 4292 450 4353 ό
474 4291 556 4360 Διὸς
577 4289 753 4374 Κόρινθος
776 4293 822 4353 καὶ
844 4293 877 4353 ro
898 4291 1004 4373 πρᾶγμ’
1027 4289 1080 4353 οὐκ
1101 4287 1213 4376 ἤρεσεν,

433 4401 519 4463 πάλιν
542 4398 711 4463 κατεπίττου
734 4401 790 4468 πᾶς
813 4399 884 4484 ἀνὴρ
907 4395 1072 4484 Εὐριπίδην.
