3100 4974
716 297 756 360 67

188 498 324 585 ἀπαρχὰς
345 499 495 564 ποιεῖσθαι.
539 500 651 583 Neque
683 501 765 566 enim
792 508 966 585 propterea
991 501 1115 567 loeutio
1138 508 1209 568 orta
1231 511 1288 586 est,

189 608 273 693 quod
295 609 416 674 Vestae
438 608 562 692 frugum
583 610 744 694 primitiae
767 618 800 675 et
825 611 1009 674 animalium
1042 611 1146 694 prima
1181 612 1290 694 genita

189 717 467 799 sacrificabantur,
501 718 558 782 sed
582 738 652 782 eam
674 720 715 782 ob
739 739 880 799 oausam,
903 739 996 801 quam
1020 719 1113 783 modo
1137 721 1287 803 explicui.

187 825 290 892 Recte
313 829 423 912 Apost.
447 828 504 908 IV,
536 825 574 889 61
610 826 877 909 significationem
906 828 988 892 hano
1015 847 1087 893 esse
1109 829 1211 895 dieite
1243 828 1289 891 ἐπὶ

187 938 245 997 τῶν
265 934 294 1004 ἐξ
316 935 411 1019 ἀρχῆς
432 961 458 999 τι
479 933 672 1020 πραττόντων.

288 1044 433 1128 Denique
456 1045 496 1109 de
516 1045 731 1110 locutionibus
754 1044 979 1128 disputandum
1002 1045 1078 1109 mihi
1112 1052 1174 1127 est,
1207 1067 1289 1129 quae

188 1149 229 1214 ad
252 1151 423 1218 ludendum
444 1153 519 1217 talis
541 1154 711 1236 pertinent,
734 1160 767 1218 et
786 1155 825 1217 ab
849 1154 1065 1238 Aristophane
1086 1154 1119 1217 in
1141 1175 1210 1219 ran.
1226 1153 1289 1216 970

188 1260 394 1344 attinguntur,
416 1262 469 1326 ubi
495 1262 535 1326 de
557 1263 755 1328 Theramene
776 1262 856 1325 haee
880 1263 966 1326 dieta
988 1262 1136 1344 legimus:

288 1392 468 1479 Θηραμένης,
492 1394 582 1480 σορός
603 1397 628 1477 γ’
651 1394 722 1478 ἀνὴρ
742 1395 789 1457 καὶ
811 1396 899 1461 δεινὸς
922 1394 952 1462 ἐς
974 1394 1009 1457 τὰ
1032 1397 1133 1480 πάντα,

288 1501 320 1570 ὃς
341 1502 376 1586 ἣν
398 1507 495 1572 κακοῖς
514 1528 570 1567 που
593 1503 735 1588 περιπέσῃ
757 1504 805 1566 καὶ
826 1504 947 1587 πλησίος
968 1511 1103 1588 παραστῇ

287 1610 438 1676 πέπτωκεν
460 1610 517 1682 ἔξω
540 1619 597 1675 τῶν
621 1617 726 1695 κακῶν,
751 1612 788 1676 οὐ
810 1608 910 1694 Χῖος,
933 1610 1029 1675 ἀλλὰ
1051 1608 1168 1681 Κεῖος.

189 1745 311 1822 Quibus
343 1747 452 1811 verbis
485 1755 583 1831 poeta
620 1749 754 1812 animum
792 1747 1048 1812 commutabilem
1081 1747 1289 1812 Theramenis

189 1856 341 1937 castigat,
369 1857 424 1938 qui
446 1856 487 1919 ad
508 1863 612 1920 motus
635 1856 779 1921 fortunae
801 1876 836 1920 se
858 1876 985 1920 movere
1009 1855 1124 1937 soleat,
1161 1864 1194 1921 et
1214 1878 1289 1940 quo·

186 1964 375 2048 tiesounque
397 1966 429 2028 in
451 1966 628 2048 perieulum
649 1965 811 2045 inciderit,
846 1984 880 2029 se
907 1985 947 2029 ex
969 1985 1007 2029 eo
1032 1964 1140 2048 aliqua
1164 1966 1289 2030 ratione

187 2073 313 2157 eripere
336 2074 431 2157 sciat,
455 2075 540 2157 quod
560 2075 645 2139 idem
663 2074 731 2156 jam
753 2074 786 2138 in
807 2094 874 2137 ran.
897 2073 955 2137 541
981 2073 1075 2138 dixit:

537 2220 570 2279 τὸ
593 2217 627 2279 δὲ
648 2214 900 2300 μεταστρέφεσθαι

536 2328 607 2408 πρθς
625 2324 658 2386 τὸ
681 2324 911 2408 μαλθακώτερον

537 2434 631 2503 δεξιοῦ
654 2433 728 2517 πρὸς
750 2432 855 2517 ἀνδρὸς
881 2432 940 2495 ἐστι

538 2543 584 2606 καὶ
606 2541 691 2626 φύσει
712 2541 909 2626 Θηραμένους.

188 2675 352 2741 Sententia
375 2696 520 2740 versuum
541 2678 666 2741 illorum
689 2677 856 2741 manifesta
879 2682 974 2758 atque
996 2682 1110 2758 aperta
1132 2682 1194 2756 est;
1230 2676 1287 2740 sed

189 2782 265 2865 quid
285 2786 391 2849 verbis
403 2781 483 2865 Χῖοι,
509 2764 586 2846 ἀλλὰ
608 2781 693 2852 Κεῖος
716 2784 1201 2868 significaveritAristophanes,
1224 2806 1287 2849 non

192 2890 283 2958 iaoile
306 2900 355 2958 est
377 2894 417 2956 ad
441 2894 688 2976 intelligendum.
733 2892 824 2971 Quod
847 2894 887 2957 ad
910 2892 1133 2977 explicandum
1155 2912 1288 2961 neeesse

192 3007 240 3064 est
261 3003 434 3085 exquirere,
458 3023 539 3085 quae
561 3004 666 3087 patria
687 3003 895 3066 Theramenis
919 3000 1023 3066 fuerit.
1068 3000 1183 3085 Omnes
1200 3003 1288 3067 seho-

188 3109 300 3175 hastae
324 3113 537 3191 consentiunt,
571 3113 705 3176 Athenis
729 3132 798 3176 eum
828 3131 903 3175 non
924 3119 1031 3175 natum
1053 3129 1137 3191 esse,
1169 3111 1226 3175 sed
1246 3113 1287 3174 ab

187 3219 345 3302 Hagnone
364 3219 502 3302 quodam
524 3220 710 3305 adoptatum
732 3222 766 3284 in
788 3220 951 3284 civitatem
978 3220 1219 3283 Atheniensium
1241 3241 1288 3284 re·

186 3337 313 3412 neptum
336 3349 420 3411 esse;
455 3351 517 3413 qua
540 3350 580 3394 ex
600 3332 678 3394 urbe
705 3338 808 3394 autem
839 3330 994 3412 originem
1022 3328 1163 3410 duxerit,
1198 3329 1288 3393 varia

185 3439 278 3501 nohis
301 3438 420 3503 tradita
443 3445 524 3502 suut.
569 3438 765 3504 scholiastes
800 3440 882 3504 enim
915 3438 956 3502 ad
989 3459 1056 3501 ran.
1080 3436 1142 3501 970
1175 3437 1287 3504 refert:

185 3540 274 3629 Κῷος
296 3546 329 3608 δὲ
350 3545 468 3628 ἐλέγετο
488 3543 565 3627 εἶναι,
588 3548 608 3610 i.
621 3569 648 3613 e.
665 3551 893 3615 Theramenem
907 3548 939 3611 iu
957 3547 1060 3611 insula
1082 3546 1158 3610 000
1182 3553 1288 3611 natum

186 3674 268 3719 esse.
301 3656 337 3718 In
360 3653 459 3720 schol.
482 3662 587 3719 autem
607 3659 819 3723 recentiorum
836 3656 982 3720 oodieum
996 3655 1131 3738 legimus
1147 3655 1187 3719 ad
1205 3675 1286 3720 vers.

186 3786 255 3828 ran.
277 3763 355 3846 541,
388 3764 546 3827 ininsula
579 3764 672 3830 chio
700 3787 769 3831 eum
792 3773 899 3831 natum
921 3784 1006 3829 esse:
1042 3768 1080 3846 τῇ
1103 3763 1136 3825 δὲ
1159 3763 1286 3848 ἀληθείᾳ

62 3900 66 3903 ·
185 3867 261 3939 Χῖος
283 3870 329 3956 ἦν.
373 3874 519 3956 Denique
542 3875 669 3938 tertium
692 3875 862 3939 memoriae
890 3874 1050 3956 proditum
1072 3881 1130 3952 est,
1153 3873 1288 3936 insulam

186 3980 299 4046 Oeam
335 4001 405 4049 esse
438 3983 574 4067 patriam
607 3983 822 4048 Theramenis.
879 3983 919 4049 of.
948 3982 1048 4047 sohol.
1072 3982 1143 4046 eod.
1181 3982 1213 4045 V
1236 3981 1287 4046 ad.

185 4111 252 4153 ran.
275 4089 351 4156 541:
374 4092 456 4152 δοκεῖ
475 4091 507 4153 δὲ
530 4091 588 4152 ἀπὸ
611 4087 680 4153 Κέω
703 4096 755 4174 τῆς
774 4092 864 4175 νήσου
887 4090 972 4174 εἶναι,
1004 4091 1056 4153 οὐκ
1078 4088 1148 4153 εἶναι
1170 4089 1203 4152 δὲ
1224 4113 1288 4173 γνη·

186 4220 246 4266 σιος
269 4198 346 4261 ἀλλὰ
369 4198 488 4282 ποιητὸς
507 4199 566 4267 {nne
588 4203 638 4262 τοῦ
657 4196 821 4281 Ἅγνωνος.
855 4200 975 4265 Eadem
989 4198 1090 4265 refert
1104 4199 1287 4264 Demetrius

183 4309 217 4372 in
240 4309 338 4373 schol.
363 4309 403 4373 ad
426 4329 493 4372 ran.
515 4306 591 4372 9t0:
629 4308 794 4393 ἐπιπλήττει
820 4310 853 4372 δὲ
882 4307 1000 4392 minoio
1029 4308 1209 4392 Appiirprm,
1247 4310 1288 4376 ὡς

184 4414 295 4485 τελέως
317 4416 464 4499 ἀγνοοῦντι
487 4414 530 4480 ὅτι
552 4412 622 4485 Ka<
642 4415 678 4501 ἦν
701 4417 842 4501 (seilicet
862 4425 959 4503 poeta
981 4417 1009 4483 is
1032 4422 1090 4500 est,
1114 4438 1206 4503 quem
1228 4418 1288 4482 De·

1086 4534 1126 4587 5*
