3100 4974
711 233 752 295 Ρκδ

781 433 866 521 φασὶν
887 434 942 522 γὰρ
965 435 1137 523 δυσβουλίαν

282 540 354 622 τῇδε
376 544 415 624 τῇ
436 538 522 605 πόλει
542 547 696 627 προτεῖναι,
718 544 808 607 ταῦτα
830 544 882 628 μέν
904 569 946 608 τοι
967 543 1035 614 τοὺς
1057 544 1145 614 θεοὺς
1206 540 1209 548 ¹

282 646 343 710 ἅττ’
366 645 401 711 ἂν
422 647 502 732 ὑμεῖς
523 649 696 735 ἐξαμάρτητ’
718 651 765 715 ἐπὶ
786 650 819 716 τδ
841 650 953 737 βέλτιον
975 651 1103 736 τρέπειν·

180 804 223 848 ex
257 784 337 868 ipsis
366 785 474 848 verbis
496 774 700 871 intelligitur,
731 786 816 871 apud
839 786 983 853 Graecos
1015 789 1177 875 proverbii
1209 790 1283 855 loco

179 891 280 956 fuisso
303 893 541 959 Atheniensium
562 915 745 961 successum
773 918 960 982 prosperum
993 898 1025 962 iu
1058 899 1154 963 rebus
1187 900 1284 964 susei-

179 1002 325 1085 piendis,
357 1002 411 1084 qui
438 1009 545 1067 tantus
571 1012 670 1085 esset,
703 1013 739 1069 ut
760 1006 811 1070 vel
834 1026 886 1085 ea,
921 1006 1034 1090 quibus
1064 1008 1145 1072 male
1174 1029 1283 1073 cousu-

177 1110 329 1191 luissent,
362 1131 520 1196 prosperc
552 1111 621 1178 deis
649 1114 875 1196 udjuvantihus
900 1115 1119 1180 succederent.
1165 1116 1283 1182 Suides

179 1240 205 1284 υ.
228 1242 258 1284 v.
282 1219 360 1305 δυςβ.
388 1229 533 1285 annotat:
566 1218 601 1305 ἧν
624 1223 709 1283 τοῦτο
733 1219 886 1306 λεγόμενον
910 1222 1074 1309 ἐπιχώριον.
1118 1223 1281 1308 Originem

178 1329 357 1395 sententiae
389 1329 579 1395 scholiastes
611 1350 651 1396 ex
683 1330 791 1394 fabula
825 1332 927 1396 duxit:
962 1331 1031 1416 μυσὶ
1063 1330 1106 1396 ὅτι
1137 1331 1282 1396 Ποσειδῶν

176 1437 315 1521 ἡττηθεὶς
337 1441 374 1520 τῇ
392 1434 507 1521 Ἀθηνᾷ
530 1439 699 1523 δυςβουλίαν
721 1438 863 1524 ἐπέβαλεν
881 1435 1062 1524 Ἀθηναίοις,
1093 1437 1226 1526 Ἀθηνᾶν
1249 1442 1283 1504 δὲ

176 1545 215 1609 τὰ
237 1544 423 1631 βουλεύματα
446 1550 542 1616 καλῶς
565 1548 767 1634 μεταβάλλειν.
812 1549 932 1614 Eadem
961 1551 1120 1616 sententie
1142 1552 1283 1616 occurrit

176 1655 212 1719 in
234 1654 349 1721 cocles.
372 1653 512 1719 473-6:

421 1770 507 1854 λόγος
527 1772 561 1855 γε’
583 1771 630 1836 τοί
647 1797 688 1842 τις
710 1770 772 1836 ἔστι
794 1779 851 1837 τῶν
873 1775 1048 1859 γεραιτέρων

422 1879 465 1943 δυ’
489 1877 524 1943 ἂν
546 1880 643 1964 ἀνόητ’
664 1906 683 1965 η
705 1887 789 1967 μῶρα
811 1882 1052 1969 βουλευσώμεθα,

420 1989 522 2053 ἅπαντ’
544 1990 590 2053 ἐπὶ
611 1991 644 2053 τδ
667 1993 779 2077 βελτίον
802 1995 868 2076 ἡμῖν
890 1992 1052 2077 ξυμφέρειν.

278 2123 393 2187 Mirum
416 2145 488 2190 esse
510 2126 620 2190 docuit
633 2126 793 2207 Lehrsius,
816 2136 1010 2213 praeceptor
1026 2127 1280 2214 spectatissimus

174 2233 540 2318 venerabilissimusque,
564 2255 635 2299 cum
650 2236 847 2300 comoediam
868 2235 988 2322 νεφέλαι
1010 2238 1199 2322 explicaret,
1222 2238 1279 2302 illo

174 2341 249 2406 loeo
275 2342 340 2424 legi
363 2345 494 2407 verbum
520 2344 637 2427 φασίν,
671 2345 733 2409 hoc
756 2345 842 2427 λόγος
869 2342 930 2407 ἔστι
957 2351 1014 2408 τῶν
1046 2346 1278 2431 γεραίτερονη

175 2471 280 2534 neque
302 2464 407 2517 tamen
426 2460 553 2536 poetam
580 2458 699 2518 temere
725 2455 773 2517 sic
801 2454 980 2538 scripsisse.
1024 2455 1107 2519 Nam
1131 2455 1280 2535 cumilla

176 2560 343 2625 comoedia
360 2569 434 2626 autc
450 2562 526 2625 belli
542 2562 811 2647 Peloponnesiaci
826 2564 953 2644 exitum,
974 2564 1054 2628 haec
1070 2584 1147 2628 vcro
1162 2554 1278 2647 postea

176 2679 251 2734 acta
284 2676 384 2750 esset,
418 2671 664 2755 Aristophanem
685 2691 872 2757 oppressum
895 2692 1015 2735 summa
1038 2672 1277 2737 Atheniensium

178 2777 269 2841 clade
282 2778 351 2861 jam
366 2779 501 2844 desiisse
518 2779 664 2845 fortunae
678 2781 918 2852 Atheniensium
935 2780 1105 2846 confidere.
1122 2818 1162 2827 -
1178 2781 1279 2846 Ouam

180 2886 306 2968 tulgata
328 2888 407 2952 haec
431 2889 590 2953 sententie
604 2889 644 2954 dc
659 2890 900 2954 Atheniensium
916 2889 1042 2953 fortuna
1065 2890 1152 2954 dieta
1174 2889 1277 2971 fuerit,

182 2992 294 3060 docent
314 2996 391 3078 loci,
425 2998 480 3080 qui
502 2998 628 3062 suntin
651 3017 722 3081 equ.
747 2997 842 3062 1055:
876 2993 1042 3081 Κεκροπίδη
1061 2997 1223 3084 κακόβουλε
1246 3008 1279 3063 et

176 3122 227 3186 ap.
247 3103 387 3187 Eupolin
408 3105 485 3169 214:
518 3107 543 3169 ὧ
566 3104 661 3187 πόλις,
690 3105 773 3174 πόλις
795 3109 836 3174 ὡς
858 3107 983 3191 εὐτυχὴς
1007 3104 1032 3169 εἶ
1052 3110 1164 3190 μᾶλλον
1186 3104 1205 3188 ἣ
1227 3130 1277 3170 κα-

175 3214 235 3280 λῶς
257 3219 381 3296 φρονεῖς.

196 3372 197 3375 ,
274 3322 347 3387 Hoc
368 3324 441 3388 loco
463 3324 561 3388 liceat
583 3332 711 3406 notare,
743 3326 957 3390 Athenienses
990 3326 1086 3390 etiam
1111 3332 1146 3388 ut
1168 3324 1277 3388 tardos

171 3430 205 3494 in
228 3433 324 3495 rebus
341 3433 474 3515 agendis
491 3434 576 3517 opud
592 3454 699 3498 omncs
713 3435 921 3524 pervulgatus
937 3433 1050 3516 fuisse;
1074 3431 1159 3515 quod
1182 3433 1278 3498 docet

172 3538 273 3620 locus,
296 3542 351 3623 qui
373 3542 475 3606 estin
499 3542 573 3626 Lys.
595 3541 645 3622 56,
670 3541 703 3607 7:
790 3624 793 3627 ι

347 3675 424 3759 ἀλλ’,
446 3675 471 3739 ὦ
494 3679 559 3758 μέλ,
583 3673 647 3761 ὄψει
668 3698 712 3738 τοι
733 3675 848 3760 σφόδρα
869 3675 960 3745 αὐτὰς
978 3671 1114 3744 Ἀττικάς

345 3783 458 3847 ἅπαντα
480 3784 595 3867 δρώσας
615 3788 667 3847 τοῦ
689 3784 805 3852 δέοντος
827 3784 956 3868 ὕστερον,

172 3917 228 3981 uhi
250 3919 431 4002 Lysistrate
453 3919 492 3985 dc
514 3919 699 3984 mulieribus
715 3918 963 3983 Atheniensibus
983 3918 1092 3981 locuta
1114 3923 1171 3998 est,
1194 3938 1276 4000 quae

172 4047 261 4092 more
276 4028 386 4093 Attico
409 4049 435 4092 o.
459 4048 486 4094 e.
510 4049 582 4093 sero
605 4028 636 4092 iu
660 4008 849 4094 conventum
872 4028 1036 4092 mulierum
1060 4027 1276 4091 convenirent.

173 4135 244 4213 Qua
265 4138 298 4201 in
320 4158 356 4203 re
373 4137 425 4200 cui
447 4158 511 4202 non
531 4138 563 4200 in
587 4145 723 4202 mentem
739 4139 827 4203 venit
842 4136 1041 4202 strenuitatis
1055 4135 1276 4217 Dicaeopolis,

174 4248 255 4311 civis
277 4247 506 4329 Acharnensis,
530 4248 585 4325 qui
607 4247 710 4332 primo
729 4247 797 4329 jam
820 4266 912 4310 manc
934 4247 966 4309 in
988 4263 1123 4326 puvcom
1146 4264 1181 4308 se
1206 4264 1277 4309 com·

171 4355 305 4439 tulerat,
337 4356 530 4438 multumque
563 4357 718 4437 temporis
745 4357 969 4439 exspectabat,
1003 4353 1108 4436 quoad
1139 4353 1276 4438 populus

494 4470 497 4475 ’
782 4462 785 4468 ’
1140 4468 1175 4525 u*
