3100 4974
767 258 807 321 78

244 459 357 542 ἀνδρῶν
373 462 493 541 λευκῶν,
516 459 550 541 ἢν
578 461 618 544 μή
644 484 670 524 τι
691 460 737 522 καὶ
758 460 944 545 μάχωνται“·
977 458 1020 523 ἔτι
1047 459 1080 524 δὲ
1109 458 1202 528 οὕτως
1235 458 1341 541 ,οὐδὲν

245 572 358 632 λευκῶν
381 569 493 652 ἀνδρῶν
516 566 608 651 ἔργον,
632 568 658 631 sl
679 571 719 653 μὴ
741 569 955 655 οκυτυτυμεῖν.“
998 568 1138 646 Quorum
1160 569 1342 652 proverbio·

244 702 312 745 rom
333 680 409 763 qnid
431 679 520 761 prins
542 678 715 760 significet,
736 680 918 763 intelligere
940 699 1003 743 non
1024 697 1168 762 possum3
1191 686 1343 761 corrupta

245 810 283 855 ea
305 790 405 854 verba
432 808 503 852 esse
529 789 604 852 mihi
636 788 799 868 videntur;
833 790 948 871 quibus
980 788 1021 852 de
1053 788 1160 852 verbis
1193 787 1343 852 sanandis

245 918 327 982 quae
349 918 418 962 men
440 897 482 961 sit
497 897 689 980 conjectura,
712 897 809 980 paolo
826 906 900 982 post
915 898 1099 983 explicabo;
1123 903 1217 962 antea
1239 904 1344 961 autem

245 1006 285 1071 dc
306 1006 477 1091 proverbio
501 1005 723 1088 disputandum
746 1012 803 1085 est,
827 1007 911 1088 quod
932 1007 1067 1071 alterum
1081 1006 1271 1071 scholiastes
1292 1027 1345 1071 no·

245 1117 326 1180 tavit
358 1114 462 1181 οὐδὲν
491 1118 625 1177 λευκῶν
655 1114 792 1198 ἀνδρῶν
815 1113 930 1199 ἔργον,
964 1116 994 1178 εἰ
1027 1118 1073 1199 μὴ
1095 1117 1344 1197 σκυτοτομεῖν.

245 1224 389 1289 Pallidus
410 1225 492 1288 enim
516 1230 656 1288 sutorum
681 1224 771 1288 color
792 1226 825 1288 in
853 1244 908 1289 ore
931 1225 1018 1305 vulgi
1047 1231 1129 1306 erat,
1163 1231 1198 1288 nt
1229 1225 1347 1289 docent

245 1353 356 1398 versus
378 1333 410 1396 in
433 1333 547 1396 eccles.
565 1329 719 1414 eso-90,
740 1334 793 1397 nbi
816 1334 980 1400 mulierum
1004 1334 1110 1398 contio
1134 1343 1346 1417 propterera

246 1442 367 1526 pallida
390 1462 461 1505 cum
483 1448 624 1505 sutorum
646 1450 860 1526 comparatur.

337 1546 395 1614 'Ex
415 1550 536 1633 pallido
556 1557 698 1614 sutorum
712 1550 820 1615 colore
840 1558 943 1615 ortum
957 1558 1007 1616 est
1028 1551 1108 1615 illud
1130 1551 1344 1634 proverbium.

245 1658 329 1736 Quid
355 1659 516 1743 significet
541 1658 675 1741 legimus
700 1659 733 1722 in
755 1661 839 1742 App.
863 1661 919 1741 IV,
941 1659 996 1724 35:
1031 1660 1077 1722 ἐπὶ
1103 1664 1160 1723 τῶν
1188 1657 1228 1727 εἰς
1255 1658 1345 1743 μηδὲν

246 1770 483 1850 λυσιτελούντων,
504 1768 559 1831 uhi
581 1767 683 1831 forma
705 1769 867 1851 proverbii
888 1769 1049 1853 paululum
1071 1778 1190 1832 mutata
1212 1769 1343 1851 legitur:

245 1988 349 2051 verbii
371 1986 503 2050 formam
526 1988 682 2070 praebent
696 1987 890 2070 Apostoliu's,
905 1988 1068 2067 Arsenius,
1093 1987 1239 2068 Photins3
1262 1985 1348 2070 apud

246 2116 326 2179 quos
348 2096 427 2161 haec
450 2103 585 2160 tantum:
610 2094 694 2158 οὐδὲν
718 2097 830 2157 λευκῶν
853 2094 964 2177 ἀνδρῶν
987 2093 1104 2180 ὄφελος.

347 2204 439 2269 Nunc
461 2205 612 2270 accedam
635 2205 676 2268 ad
703 2204 736 2267 id
764 2205 981 2288 proverbium,
1015 2204 1099 2287 quod
1132 2204 1220 2288 prius
1257 2203 1349 2267 scho-

246 2314 357 2377 liastes
384 2315 519 2395 notavit,
554 2312 639 2376 οὐδὲν
660 2310 744 2396 ἔργον
766 2310 843 2375 ἔστιν
866 2313 981 2396 ἀνδρῶν
1004 2317 1115 2377 λευκῶν
1135 2311 1170 2394 ἢν
1192 2313 1233 2396 μή
1255 2335 1281 2374 τι
1302 2310 1350 2374 καὶ

247 2423 413 2507 μάχωνται,
449 2424 561 2505 quibus
595 2422 701 2487 verbis
733 2422 880 2485 mendum
907 2423 1013 2488 inesse
1042 2429 1186 2506 apparet.
1241 2423 1349 2504 Atque

247 2531 392 2614 equidem
415 2552 453 2597 ea
475 2532 672 2597 emendanda
694 2533 841 2596 essehoc
857 2531 950 2595 modo
972 2537 1064 2616 puto:
1087 2530 1256 2614 legendum
1277 2549 1350 2595 esse

248 2638 403 2703 ὀδόντων
425 2661 485 2725 pro
507 2642 619 2725 richpoto
632 2651 674 2706 et
696 2644 877 2724 μασῶνται
898 2661 957 2724 pro
980 2641 1146 2724 μάχωνται,
1179 2641 1226 2705 ita
1254 2647 1290 2704 ut
1316 2641 1349 2703 in

248 2750 378 2813 scholiis
402 2751 533 2814 eandem
554 2750 747 2815 locutionem
772 2751 928 2834 legamus,
962 2770 1055 2833 qnam
1081 2756 1180 2833 poeta
1207 2749 1348 2832 scripsit.

248 2859 483 2943 Comprobatnr
506 2860 685 2924 emendatio
707 2879 778 2924 mea
798 2879 845 2940 eo,
869 2859 954 2941 quod
977 2867 1113 2944 accepta
1128 2859 1350 2924 emendatione

248 2968 378 3046 scholia,
402 2988 483 3051 quae
506 2974 600 3032 antea
621 2968 786 3033 intellectu
809 2969 974 3048 carebant,
1002 2968 1097 3052 plane
1119 2968 1348 3050 intelliguntur.

247 3077 329 3142 Nam
352 3079 407 3158 qui
430 3076 596 3141 ernendata
619 3077 741 3141 scholia
764 3078 1031 3159 consideraverit,
1055 3076 1228 3160 intelleget,
1249 3078 1348 3140 verbo

249 3185 291 3249 ὅτι
314 3188 451 3270 παροιμία
473 3184 547 3248 ἐστὶν
562 3186 604 3250 ad
618 3194 725 3252 notam
740 3188 910 3271 pertinere,
933 3207 1026 3270 quarn
1041 3187 1230 3251 scholiastes
1246 3203 1345 3267 prope
1420 3266 1423 3271 <

247 3314 373 3359 versum
395 3295 428 3358 in
456 3296 567 3360 codice
594 3298 646 3361 vel
674 3296 886 3378 significatam
919 3295 1040 3361 invenit
1071 3296 1123 3360 vel
1158 3297 1227 3381 ipse
1258 3292 1344 3357 fecit.

248 3404 329 3468 Tum
351 3405 449 3468 verba
471 3404 517 3465 acl
539 3404 630 3472 οὕτως
653 3404 730 3468 nihil
754 3405 841 3468 aliud
863 3404 925 3468 sibi
947 3405 1070 3485 volunt,
1100 3426 1194 3489 quani
1214 3408 1250 3467 ut
1269 3401 1348 3465 indi·

249 3519 322 3578 cent
344 3514 559 3597 proverbium,
588 3533 650 3596 quo
672 3520 770 3598 poeta
791 3533 866 3577 usus
890 3514 946 3596 sit;
980 3513 1077 3578 veluti
1100 3531 1258 3598 persaepe
1280 3531 1350 3596 pro·

249 3624 368 3703 verbis,
391 3642 472 3705 quac
494 3630 592 3708 poeta
613 3623 787 3707 usurpavit,
811 3623 1027 3687 ascholiastis
1044 3623 1181 3707 repetita
1202 3619 1350 3702 legimns.

249 3731 463 3816 Sequentibns
488 3732 680 3797 scholiastae
703 3733 810 3797 verbis
833 3733 936 3798 simile
958 3733 1171 3816 proverbium
1184 3729 1324 3795 affertur.

348 3839 470 3917 Quodsi
493 3842 563 3922 qois
586 3849 726 3924 quaerat
751 3862 831 3925 quac
853 3843 903 3906 vis
924 3843 1088 3926 proverbii
1110 3840 1219 3921 luerit,
1244 3839 1351 3903 existi·

247 3969 298 4014 mo
321 3950 439 4016 dictum
462 3970 532 4015 esse
555 3951 759 4033 proverbium
781 3952 821 4016 dc
849 3953 908 4034 eis,
943 3952 996 4033 qui
1029 3950 1070 4014 ad
1103 3971 1197 4013 unam
1229 3954 1349 4012 tantum

248 4080 315 4124 rem
337 4057 565 4143 perficiendam
588 4060 695 4125 idonei
717 4062 833 4126 essent

348 4168 464 4233 Notum
487 4178 537 4233 est
558 4189 683 4253 pueros,
707 4191 777 4234 cnm
792 4169 959 4254 septimum
974 4189 1086 4231 annum
1110 4164 1351 4250 agant,'dentes

249 4285 385 4360 mutare,
411 4285 446 4343 ut
467 4278 584 4343 docent
604 4278 669 4343 loci
693 4281 746 4362 qui
770 4286 843 4344 sunt
864 4298 915 4360 ap.
937 4276 1002 4342 Sol.
1025 4276 1065 4342 N.
1088 4274 1128 4338 27
1152 4277 1207 4360 (cf.
1230 4275 1349 4361 Bergk.

248 4409 280 4473 c·
302 4387 324 4452 l·
346 4385 424 4470 gap
