3100 4974
714 264 754 328 27

638 353 837 363 .--————--·=

186 472 227 552 V,
251 465 290 531 19
313 476 346 534 et
367 468 454 534 Suid.
478 487 503 533 s.
530 490 560 532 v.
588 466 635 530 ἐπὶ
660 469 717 530 τῶν
740 465 803 529 λίαν
840 464 1087 549 εὐδαιμονούντων
1115 465 1163 528 καὶ
1193 467 1287 529 πάντα

186 578 385 664 κεκτημένων,
420 598 502 661 quae
525 577 635 643 cadem
658 577 848 642 scholiastes
876 576 917 640 ad
938 595 1027 659 vesp.
1050 573 1111 637 508
1143 578 1287 660 praebet,

187 690 266 755 haee
300 688 434 753 addens:
468 689 508 753 ὡς
540 686 587 748 καὶ
619 685 652 748 ἐκ
684 690 742 749 τῶν
779 683 1073 767 ἀόονοίτωναόροος
1111 686 1287 768 κομίζεσθαι,

188 797 330 862 ἀδύνατον
352 795 407 879 γὰρ
426 796 455 866 ἐξ
478 795 601 879 ὀρνίθων
623 797 701 878 γάλα
723 794 794 857 ποτέ
817 795 928 880 λαβεῖν·
950 795 975 856 οί
997 795 1030 856 δὲ
1054 795 1289 877 εὐδαιμονοῦντες

188 907 235 970 καὶ
256 909 350 982 τοῦτο,
363 907 389 969 εί
404 905 583 991 βουληθεῖεν,
606 905 779 987 πορίσαιντο.
812 905 951 988 Propria
963 904 1137 968 locutionis
1153 904 1203 967 vis
1219 914 1289 968 erat

189 1017 361 1082 secundum
384 1018 608 1098 Anaxagoram
622 1036 673 1098 ap.
689 1016 802 1078 Athen.
826 1014 867 1077 ΙΙ.
890 1013 940 1094 57,
963 1014 1005 1077 D:
1030 1012 1063 1074 τὸ
1088 1012 1117 1073 ἐν
1140 1015 1198 1079 τοῖς
1220 1008 1311 1097 ᾠοῖς,

189 1123 306 1209 λευκόν,
341 1126 511 1190 secundam
534 1145 627 1207 qnam
649 1123 924 1209 interpretationis
959 1123 1042 1186 viam
1076 1123 1193 1187 institit
1215 1121 1311 1208 Sue·⁴

190 1236 319 1300 vernins
342 1234 383 1300 de
397 1235 496 1298 Arist.
515 1255 564 1297 av.
589 1240 754 1298 comment.
778 1233 866 1315 (acta
889 1232 978 1296 acad.
1002 1228 1287 1313 reg.Berol.1827

187 1367 219 1429 p.
242 1342 329 1424 254),
353 1343 533 1426 quaemihi
557 1343 683 1425 quidem
707 1343 834 1406 minime
856 1344 1018 1427 probatur.

288 1452 516 1534 Pervulgatam
541 1450 639 1516 fuisse
661 1452 855 1516 locutionem
879 1451 1029 1515 doeemur
1051 1470 1098 1530 ec,
1121 1448 1208 1532 quod
1222 1468 1291 1533 per·

188 1583 289 1646 saepe
311 1563 461 1644 occurrit,
481 1560 521 1625 ef.
539 1561 645 1626 Streh.
664 1559 813 1641 14,1,15.
847 1559 934 1624 (lom.
954 1561 1097 1625 Mnesim.
1111 1579 1162 1641 ap.
1174 1559 1290 1621 Athen.

187 1674 247 1754 IX,
271 1669 330 1733 387
356 1670 411 1753 (cf.
434 1670 572 1734 Meinek.
597 1669 702 1751 frgmt.
727 1689 806 1733 com.
829 1669 887 1750 ΙΙΙ,
910 1692 941 1754 p.
963 1667 1038 1751 578)
1067 1668 1113 1729 καὶ
1146 1667 1178 1728 τὸ
1213 1665 1292 1748 λεγό-

188 1804 275 1865 μενον
312 1780 506 1862 σπανιώτερον
540 1781 673 1860 ποίρεοτιν
709 1776 829 1860 ὀρνίθων
864 1780 950 1859 γάλα.
1003 1778 1081 1841 Luc.
1114 1778 1159 1841 de
1195 1795 1291 1840 merc.

189 1890 282 1954 cond.
306 1874 360 1956 13:
393 1887 461 1957 ἕξεις
496 1888 528 1950 τὸ
551 1893 603 1970 τῆς
621 1885 805 1969 Ἀμαλθείας
832 1886 918 1971 κέρας
948 1888 996 1951 καὶ
1018 1886 1148 1970 ἀμέλξεις
1171 1885 1292 1970 ὀρνίθων

188 2000 278 2081 γάλα.
323 1999 404 2062 Plin.
421 1999 451 2063 h.
474 2019 503 2061 n.
527 1999 560 2061 in
581 1997 682 2080 praef.
705 1996 763 2061 23:
786 2000 837 2063 vel
860 1999 956 2062 lactis
971 1997 1144 2080 gallinacei
1160 2015 1291 2078 sperare

186 2109 345 2173 haustum.
427 2172 429 2175 ,

291 2217 414 2294 Quodsi
435 2217 468 2280 in
489 2238 540 2281 av.
564 2214 626 2281 600
647 2218 796 2300 legimus:

794 2326 910 2407 λέγουσι
932 2325 965 2387 δέ
987 2347 1031 2386 τοι
1048 2322 1117 2386 adde
1132 2323 1250 2390 πάντες·

268 2435 362 2502 οὐδεὶς
384 2433 460 2498 olea
481 2434 530 2497 τόν
552 2435 702 2519 θησαυρὸν
724 2434 773 2497 τὸν
796 2435 866 2519 ἐμὸν
889 2435 964 2517 πλὴν
990 2432 1019 2496 εί
1036 2454 1075 2500 τις
1099 2431 1144 2514 ἄρ’
1167 2430 1250 2515 ὀρνις,

143 2613 150 2623 ,
189 2548 271 2611 haee
294 2546 414 2610 locutio
439 2555 488 2611 est
510 2546 665 2628 vulgaris,
692 2552 727 2609 ut
748 2552 846 2630 poeta
867 2546 939 2629 ipse
961 2544 1057 2625 dicit,
1081 2563 1120 2606 ex
1144 2543 1190 2606 eis
1214 2549 1292 2623 orta,

192 2675 275 2739 quae
291 2654 409 2720 Graeci
431 2656 528 2738 vulgo
551 2655 591 2719 de
612 2656 725 2719 avibus
749 2657 912 2738 putabant,
936 2666 1015 2736 quas
1039 2652 1207 2735 opiniones
1228 2651 1293 2714 uul-

193 2784 289 2848 gares
311 2784 410 2846 supra
437 2764 507 2846 jam
538 2764 794 2834 commemoravi.
839 2763 1038 2829 Scholiastes
1063 2762 1183 2826 similes
1205 2761 1294 2824 loeu-

195 2875 295 2939 tiones
318 2874 423 2955 affert,
456 2893 538 2956 quae
566 2882 639 2938 sunt
664 2874 757 2941 οὐδεὶς
779 2877 928 2957 μεθεωρεῐ
947 2875 1022 2955 πλὴν
1047 2871 1061 2933 ί)
1084 2871 1294 2954 περιπτοίμενος

198 2979 270 3064 ὄρνις
290 2984 341 3048 vel
364 2982 459 3050 οὐδεὶς
481 2981 542 3044 οἶδε
565 2983 592 3043 τί
616 2982 761 3066 ὡμίλησα,
784 2983 859 3065 πλὴν
882 2981 968 3049 εἴτις
991 2979 1073 3063 ὅρνις.
1117 2979 1295 3044 Parcemio·
1366 2961 1368 2967 Ι

194 3094 309 3178 graphi
335 3113 390 3158 eas
414 3072 657 3176 praeterierunt.

292 3203 424 3284 Dacis,
448 3203 502 3285 qui
525 3201 698 3284 tranquille
716 3201 922 3284 jucundeque
944 3201 1106 3280 viverent,
1128 3199 1296 3263 dicebatur

191 3308 562 3379 locutio'llhaucur'dae
585 3310 719 3395 ἡμέρας
742 3309 856 3392 ἄγειν,
880 3312 913 3374 in
930 3332 979 3374 av.
998 3308 1087 3372 1594.
1118 3309 1168 3372 Ex
1188 3307 1296 3372 fabula

194 3429 345 3507 prompta
367 3430 441 3486 sunt
462 3442 546 3506 quae
566 3422 778 3504 Hagesander
811 3443 861 3505 ap.
886 3420 974 3485 Suid.
1005 3420 1045 3483 de
1067 3419 1192 3502 origine
1213 3417 1297 3480 locu·

194 3533 293 3598 tionis
315 3532 464 3597 tradidit:
490 3532 627 3615 Alcyoni
648 3531 747 3596 fuisse
762 3537 884 3615 septem
900 3530 992 3610 filias,
1016 3549 1148 3611 quarum
1170 3528 1297 3591 nomina
1359 3591 1361 3595 .

196 3647 306 3707 essent
327 3639 500 3722 Φωοθονία,
522 3638 631 3724 Ἄνθη,
655 3639 802 3724 Μεθώνη,
823 3638 983 3719 Ἀλκίαπα,
1008 3636 1165 3720 Παλλήνη,
1187 3637 1297 3720 Δριμώ,

195 3750 341 3833 Αοτερίη;
364 3760 458 3834 patre
482 3755 605 3814 mortuo
628 3769 682 3813 eas
705 3751 745 3813 de
768 3750 966 3828 Oanaystraeo
989 3747 1209 3832 promontorio
1227 3747 1296 3811 Pal·
1362 3812 1365 3818 ,

197 3861 289 3925 lenes
311 3861 342 3924 in
366 3882 453 3926 mare
475 3880 510 3924 se
532 3860 779 3945 praecipitasse3
814 3880 906 3943 quam
934 3859 1085 3942 pictatem
1108 3857 1297 3921 admiratam

195 3970 411 4054 Amphitriten
435 3969 638 4035 involucres
661 3989 715 4033 eas
738 3976 885 4049 mutasse,
910 3986 991 4053 quae
1014 3968 1150 4051 epatris
1172 3967 1298 4032 nomine

191 4079 371 4162 Alcyoniac
386 4081 568 4144 nominatae
584 4087 706 4162 essent3
729 4079 838 4142 verbis
860 4086 964 4143 antem
982 4073 1172 4144 Ἀλκοονίδες
1193 4074 1299 4159 ἡμέραι

192 4188 459 4271 tranquillitatem
493 4189 591 4253 maris
624 4187 810 4279 significari.
855 4187 1006 4264 Quamvis
1040 4207 1079 4251 ex
1104 4187 1165 4251 hac
1188 4184 1299 4250 fabula

195 4299 425 4364 adlocutionis
442 4299 597 4379 originem
614 4298 838 4380 explicandam
854 4298 932 4361 nihil
947 4297 1050 4381 repeti
1066 4295 1177 4379 possit
1193 4303 1298 4359 tamen

195 4409 342 4492 intereat,
376 4430 415 4475 ex
436 4408 486 4473 his
508 4407 615 4474 uerbis
638 4425 810 4490 cognosse,
844 4406 1055 4490 Hagesandro
1085 4412 1216 4490 septem·
1229 4404 1298 4470 dies
