3100 4974
772 295 814 357 44

239 496 404 578 irrideret,
437 503 474 561 ut
501 496 690 562 scholiastes
722 496 835 563 refert:
870 497 895 561 ol
926 494 982 582 γὰρ
1004 492 1159 582 Κυζικηνοὶ
1179 496 1228 561 ἐπὶ
1247 497 1341 581 δειλίᾳ

240 604 287 666 καὶ
308 604 449 688 θηλύτητι
471 604 693 690 ἑκωμῳδοόντο.
1394 611 1396 615 ’

341 712 440 792 Quem
463 715 504 779 ad
535 724 690 780 terrarum
723 717 829 782 locum
861 738 925 782 vox
946 713 1107 800 Σαρδιακόν
1139 713 1340 781 referendum

239 823 296 903 sit,
325 824 452 888 variant
473 831 614 888 veterum
635 825 843 911 into1pretum
866 828 1058 891 sententiae:
1086 825 1278 891 scholiastes
1299 824 1341 888 ad

242 932 321 996 Acb.
340 931 400 993 112
421 940 454 997 et
475 933 588 1016 Apost.
611 932 669 1012 lV,
686 932 726 995 73
748 942 781 999 et
803 934 918 1000 Suidas
940 954 1109 1018 perperam
1132 935 1172 1000 de
1194 933 1341 999 Sardinia

238 1041 344 1104 insula
364 1041 602 1123 cogitaverunt3
635 1051 724 1107 reete
755 1050 862 1107 auten.
886 1044 985 1109 schol.
1009 1044 1050 1108 ad
1071 1065 1141 1127 pao.
1170 1041 1248 1105 1114
1268 1042 1341 1109 Sar·

238 1150 288 1213 dis
304 1149 462 1232 Lydorum
484 1150 709 1231 intelligendas
732 1168 804 1214 esse
825 1150 924 1214 refert
945 1152 995 1215 his
1018 1154 1140 1217 verbis:
1164 1150 1339 1237 Σαρδιακὸνε

237 1256 406 1343 διαφέρουσι
426 1255 482 1339 γὰρ
503 1259 532 1319 αἱ
553 1257 670 1318 Λυδικαὶ
691 1257 789 1340 βαφαί.
883 1267 886 1272 ’

337 1366 461 1430 Addam
494 1366 567 1428 hnic
601 1365 837 1429 dissertationis
864 1364 949 1448 parti
970 1365 1170 1444 locutiones,
1205 1388 1287 1449 quae
1320 1391 1341 1433 a

237 1462 685 1539 11111111101011111111111
707 1482 788 1538 sunt.

336 1582 374 1659 Q.
396 1582 526 1647 Curtius
548 1581 653 1646 Rufus
673 1582 714 1646 de
734 1584 799 1647 reb.
822 1590 904 1664 gest.
927 1581 1018 1647 Alex.
1042 1582 1083 1646 M„
1108 1582 1136 1663 7,
1157 1580 1186 1663 8,
1207 1581 1249 1644 23
1270 1604 1338 1646 nar·

236 1697 295 1771 rat,
317 1691 506 1775 Scytharum
523 1691 711 1756 solitudines
727 1710 747 1755 a
763 1692 898 1756 Graecis
919 1691 1014 1756 etiam
1028 1691 1209 1774 proverbiis
1231 1691 1336 1757 elusas
1435 1686 1439 1687 ⁷

236 1819 318 1864 esso.
356 1800 574 1882 Proverbium,
597 1800 682 1884 quod
698 1800 827 1865 Curtius
850 1801 937 1880 dixit,
960 1806 1011 1864 est
1033 1797 1175 1861 Σκυθῶν
1198 1798 1336 1882 ἐρημία,

236 1910 276 1973 ab
293 1909 510 1992 Aristophane
532 1911 565 1972 in
587 1911 667 1974 Aah.
683 1909 746 1972 704
767 1898 1063 1975 commemoratum·¹
1099 1907 1223 1984 Quodsi
1237 1909 1335 1972 schol.

237 2017 278 2080 ad
299 2018 329 2080 h.
353 2018 374 2080 l.
398 2017 439 2081 ad
455 2018 659 2100 proverbium
682 2018 912 2102 explicandum,
927 2025 1044 2096 narrat,
1068 2025 1201 2101 propter
1216 2017 1339 2082 bestias

236 2125 335 2191 luisse
356 2126 543 2191 horribilem
566 2126 756 2209 Scytharum
778 2112 990 2206 solitudinem,
1012 2127 1091 2190 baec
1114 2126 1338 2210 interpretatio

234 2253 298 2297 non
322 2244 412 2299 recta
433 2235 580 2300 habenda
601 2244 658 2315 est,
681 2236 830 2319 quoniam
852 2235 1041 2318 Scytharum
1062 2235 1253 2301 solitudines
1275 2254 1338 2299 non

235 2363 305 2407 eam
328 2346 369 2408 ob
393 2363 521 2408 oausam
542 2344 707 2428 proverbii
736 2345 841 2408 locum
870 2345 1068 2424 obtinebant,
1102 2345 1186 2426 quod
1219 2345 1340 2410 multae

234 2453 358 2517 hestiae
374 2452 406 2515 in
423 2453 470 2517 eis
486 2460 585 2534 erant,
602 2453 658 2517 sod
674 2457 716 2517 ob
730 2455 772 2534 id,
796 2454 881 2536 quod
896 2460 1007 2517 vastae
1025 2460 1057 2517 et
1072 2453 1218 2519 desertae
1237 2461 1337 2534 erant,

234 2568 269 2624 ut
291 2562 453 2626 Macarius
477 2563 550 2643 VII,
573 2561 613 2624 66
635 2570 724 2627 recte
747 2568 893 2626 annotat:
918 2560 963 2623 ἐπὶ
985 2564 1042 2623 τῶν
1064 2560 1184 2644 ἐρήμων
1206 2562 1261 2623 κ1ι1
1275 2561 1337 2643 ἑξη-

234 2668 404 2753 *properos
427 2670 535 2735 τόπων.
580 2672 673 2735 Hanc
688 2671 986 2754 interpretationem
1009 2672 1218 2754 comprobant
1240 2673 1338 2736 verba

235 2777 628 2864 11111.1484ἡλὸχνων
655 2780 767 2864 ἐρημία,
802 2781 1001 2844 lucernarum
1034 2779 1190 2862 solitudo;
1222 2781 1337 2862 quibua

234 2889 342 2953 verbis
364 2897 462 2971 poeta
483 2888 570 2952 illam
593 2890 789 2955 locutionem
811 2889 935 2971 attigit3
969 2888 1131 2971 signifieat
1157 2889 1241 2953 enim
1268 2909 1337 2953 eam

234 2998 324 3060 urbis
338 2998 534 3061 Athenarum
557 2999 728 3080 regionem,
751 2999 784 3060 in
805 3018 868 3081 qna
889 3017 980 3062 nemo
1003 2997 1036 3060 in
1058 2998 1220 3080 publicum
1242 3005 1338 3063 nocte

234 3106 395 3190 prodiret3
419 3114 618 3191 quapropter
639 3128 678 3171 ea
700 3107 790 3190 regio
812 3107 1017 3192 tenebricosa
1032 3116 1109 3184 erat,
1131 3127 1205 3170 nam
1219 3114 1338 3190 tempo·

235 3216 325 3279 ribus
346 3222 462 3298 poetae
484 3217 586 3280 nostri
608 3209 741 3296 lumina,
774 3235 855 3297 qnae
877 3203 1032 3279 nocturno
1055 3222 1199 3298 tempore
1221 3216 1253 3279 in
1276 3217 1338 3280 riis

234 3325 389 3405 lucerent,
413 3324 547 3387 Graecis
574 3326 687 3405 ignota
709 3331 816 3404 erant;
846 3326 899 3406 qui
921 3332 1016 3387 nocte
1030 3324 1062 3386 in
1077 3324 1160 3386 viam
1176 3323 1337 3406 prodibat,

236 3434 267 3498 ei
289 3434 378 3497 laces
400 3454 419 3495 a
441 3432 543 3495 servis
567 3431 839 3514 'tranferebantur
874 3433 948 3495 Vim
970 3432 1159 3496 translatam
1180 3432 1276 3516 hujus
1294 3433 1338 3497 lo
1437 3486 1439 3490 .
1531 3466 1532 3469 ¹

236 3542 373 3607 untionis
395 3547 538 3604 notatam
560 3541 703 3622 legimus
716 3542 747 3603 in
765 3543 849 3625 App.
874 3538 958 3620 7,43:
982 3539 1028 3602 ἐπὶ
1049 3544 1113 3626 τῶν·
1129 3538 1337 3623 ἐρημουμὲνων

235 3649 291 3714 ὑπό
314 3673 399 3713 τινων
431 3649 479 3712 rol
512 3647 548 3711 rai
581 3647 746 3733 ἐρημότερά
778 3670 848 3723 φασι
874 3653 925 3732 τῆς
948 3646 1073 3717 Σκυθίας
1099 3648 1225 3732 (ἐρημίας
1257 3646 1337 3713 εἶναι.

235 3762 272 3824 In
294 3781 350 3825 eos
371 3761 470 3843 igitur
492 3759 659 3823 dicebatur
681 3759 817 3838 locutio,
852 3760 904 3842 qui
932 3760 963 3822 in
986 3759 1139 3842 periculis
1161 3760 1202 3823 ab
1223 3758 1336 3822 amieo-

234 3891 304 3934 rum
327 3869 470 3934 subsidio
494 3862 627 3952 prorsus
650 3888 686 3931 se
705 3868 878 3932 destitutos
901 3887 973 3932 esse
995 3868 1158 3931 sentirent.

337 3979 385 4043 De
412 3978 590 4062 Trophonii
621 3977 752 4040 oraculo
786 3978 846 4040 boo
879 3976 1084 4060 proverbium
1118 3984 1274 4060 sumptum
1303 3976 1337 4039 in

235 4108 292 4152 usu
316 4097 401 4153 erat:
424 4086 458 4154 ἐς
481 4083 693 4169 Τροφωνίου
715 4087 968 4169 μεμάντευται,
1004 4085 1042 4147 In
1065 4085 1135 4147 nuh,
1154 4083 1215 4146 508
1231 4085 1336 4168 Strep-

237 4198 344 4266 siades
359 4198 533 4263 intraturus
556 4196 683 4258 domum
698 4195 841 4279 Socratis
857 4195 998 4278 loquitur
1013 4192 1118 4257 δέδοικ’
1134 4193 1192 4276 ἐγὼ
1205 4191 1274 4255 εἴσω
1289 4216 1337 4255 κα-

181 4372 192 4397 ·.
235 4306 378 4391 ταβαίνειν
391 4303 529 4387 danapri
541 4303 579 4370 ἐις
589 4301 769 4390 Τροφωνίου.
785 4304 963 4388 Trophonii
974 4303 1055 4368 enim
1065 4303 1226 4368 oraculum
1234 4323 1337 4388 prope

236 4414 419 4480 Lebadeam
442 4414 477 4478 iu
490 4413 624 4480 Bneotia
652 4414 746 4480 situm
771 4420 838 4482 tum
860 4413 1020 4483 horribile.
1044 4413 1233 4498 foedumque
1259 4428 1336 4497 erat,
