3100 4974
263 456 383 536 Quibus
405 458 513 522 verbis
527 456 602 541 quid
616 476 695 520 anus
719 457 844 536 dixerit,
866 456 1009 540 pluribus
1030 457 1193 540 explicare
1209 456 1359 520 decorum

263 588 311 632 me
333 574 431 632 vetat.
458 566 569 632 Schol:
592 564 701 648 εὐήθης
724 565 770 627 καὶ
792 568 876 649 μωρὰ
891 566 909 648 i,
927 561 1080 649 chrie'rq.
1114 566 1234 630 lladem
1249 565 1360 629 mulier

264 685 526 741 commemoratur
547 677 587 738 ab
610 675 754 739 Eustath.
778 675 819 738 ad
840 675 932 738 Hom.
957 674 994 738 ll.
1018 675 1057 755 B,
1090 672 1165 755 326,
1198 674 1241 735 44
1268 681 1301 740 et
1327 676 1360 739 in

263 785 367 869 Etym.
391 785 434 849 M.
456 781 526 864 367,
548 782 587 843 21
612 792 645 847 et
667 783 700 846 in
727 785 812 867 App.
834 785 924 867 prob.
946 783 987 864 II,
1010 781 1060 847 82.

363 915 392 976 Α
414 911 547 987 nomine,
568 909 653 992 quod
675 924 725 974 est
746 909 873 975 Graece
894 908 1015 990 Μακκώ,
1039 910 1215 974 derivatum
1230 918 1280 976 est
1293 931 1361 976 ver·

153 1084 155 1088 ,
261 1024 336 1086 bum
358 1021 496 1102 μακκοᾶν,
520 1018 704 1100 significans
726 1019 809 1083 idem
832 1023 928 1102 atque
950 1019 1105 1103 desipere,
1129 1020 1161 1082 in
1184 1040 1254 1104 equ.
1278 1018 1319 1082 62
1327 1084 1331 1091 ,

463 1168 479 1229 ὁ
502 1169 528 1230 δ’
550 1166 636 1228 αὐτὸν
659 1169 699 1233 ὡς
722 1166 777 1247 ὁρᾷ
798 1164 1074 1247 μεμακκοακότα

462 1275 565 1358 τέχνην
586 1273 750 1355 πεποίηται.

264 1443 352 1520 Quae
375 1443 473 1507 verba
488 1441 529 1504 ad
552 1440 702 1505 Cleonem
718 1439 885 1524 pertinent,
910 1439 1067 1521 quomodo
1082 1441 1234 1524 populum
1249 1442 1361 1509 fraude

264 1552 413 1636 decipiat.
458 1550 560 1615 Recte
583 1550 772 1614 scholiastes
793 1548 863 1612 cod.
886 1547 916 1611 R
938 1551 1066 1630 μακκοᾶν
1089 1549 1231 1632 explicat
1251 1570 1309 1632 per
1324 1551 1360 1613 τὰ

264 1658 401 1726 lteram
424 1662 600 1744 ρρονοῡντα;
624 1665 735 1723 contra
757 1658 867 1739 inepta
888 1666 938 1720 est
958 1657 1039 1720 alius
1055 1658 1247 1722 scholiastae
1269 1659 1362 1722 inter·
1416 1669 1419 1673 ’

263 1770 410 1853 pretatio,
434 1769 488 1852 qui
509 1769 591 1833 hanc
614 1787 725 1842 vocem
747 1766 873 1830 derivat
894 1786 933 1829 ex
956 1766 1157 1845 caturcensis
1184 1767 1204 1829 i.
1228 1787 1255 1832 e.
1277 1770 1359 1831 νοεῖν.

363 1895 450 1959 Idem
472 1896 603 1959 verbum
624 1893 766 1958 occurrit
787 1892 819 1954 ia
842 1890 983 1975 ejusdem
1005 1890 1133 1957 fabulae
1167 1911 1259 1957 versu
1292 1890 1361 1973 396,

244 2005 318 2093 ¹ubi
340 2005 422 2068 haec
444 2003 607 2086 leguntur:

414 2145 447 2208 οὔ
473 2144 582 2229 δέδοιχ’
605 2143 688 2226 ὑμᾶς,
710 2141 767 2210 ἕως
789 2140 824 2204 ἂν
846 2146 885 2225 ζῇ
905 2142 938 2204 ’τὸ
961 2143 1165 2227 βουλευτήριον
1211 2152 1213 2156 ”

414 2252 515 2316 καὶτὸ
537 2256 589 2314 τοῦ
611 2253 707 2336 δήμου
729 2249 882 2333 πρόςωπον
905 2256 1042 2336 μακκοᾷ
1064 2253 1237 2336 καθήμενον.

324 2396 326 2400 ⁴
365 2412 467 2478 Simili
490 2412 613 2477 ratione
635 2412 769 2494 legimus
792 2411 832 2475 de
853 2411 978 2475 nomine
997 2406 1125 2493 Κοίοορα
1147 2412 1280 2496 petitum
1298 2432 1364 2476 ver·

264 2526 346 2604 bum,
369 2523 454 2605 quod
476 2530 526 2607 est
559 2512 924 2604 ἐγκέκοισυρωμένην,
952 2519 984 2582 in
1011 2522 1083 2585 nub.
1105 2519 1155 2602 48,
1178 2522 1232 2584 ubi
1260 2520 1363 2586 schol:

265 2635 407 2716 περισσῶς
419 2629 644 2714 κεκοσμημένην.
690 2630 832 2712 Ooesyra
848 2630 941 2709 enim,
960 2650 1040 2693 uxor
1063 2629 1222 2694 Pisistrati
1250 2650 1365 2713 magna

266 2742 417 2825 superbia
449 2739 638 2822 luxuriaque
670 2745 740 2803 erat
772 2759 903 2822 eamque
930 2741 970 2803 ob
994 2759 1122 2802 causam
1143 2740 1175 2802 in
1198 2759 1253 2804 ore
1275 2739 1365 2821 vulgi

265 2851 468 2930 versabatur3
503 2858 698 2931 quapropter
732 2847 934 2931 Strepsiades
967 2848 988 2910 l.
1012 2869 1039 2912 c.
1073 2848 1235 2913 mulierem
1267 2870 1364 2929 suam,

266 2978 347 3041 quae
369 2957 530 3021 luxuriose
553 2959 750 3040 superbeque
772 2978 806 3022 se
828 2960 973 3040 gerebat,
1000 2955 1281 3040 ἐγκεκοισυρωμένην
1313 2977 1365 3041 ap-

265 3067 374 3153 pellat.

364 3179 415 3241 Ab
437 3175 588 3241 Herculis
610 3175 798 3256 voracitate,
832 3195 925 3258 quam
959 3175 991 3238 in
1024 3196 1095 3260 pac.
1119 3173 1189 3240 741.
1212 3195 1280 3240 ran.
1303 3174 1363 3237 561

265 3294 407 3365 notatam
428 3285 576 3367 legimus,
610 3281 746 3346 formata
768 3291 817 3347 est
838 3283 971 3362 locutio,
1005 3304 1086 3365 quae
1108 3291 1157 3348 est
1176 3279 1365 3366 Ἡρακλῆς

266 3393 446 3465 ξενίζεται
466 3394 498 3454 in
521 3392 595 3472 Lys.
619 3388 688 3470 926,
711 3392 765 3453 ubi
786 3390 940 3472 Oinesias,
963 3391 1138 3455 illususab
1154 3412 1260 3474 uxore,
1284 3413 1366 3477 quae

266 3501 306 3567 ‘de
328 3500 486 3565 industria
507 3507 630 3581 tempus
654 3500 783 3563 terendo
805 3519 930 3577 eorum,
965 3520 1046 3582 quae
1072 3520 1106 3565 se
1129 3501 1176 3566 illi
1198 3504 1366 3586 praestitu-

266 3632 334 3674 ram
356 3629 427 3674 esse
449 3610 647 3693 promiserat,
671 3608 750 3671 nihil
765 3610 959 3691 praestabat,
982 3610 1030 3672 his
1054 3611 1160 3675 verbis
1173 3618 1365 3694 conquestus

267 3730 329 3786 est:
354 3719 419 3781 ἀλλ’
442 3718 474 3779 τὸ
498 3716 567 3785 πέος
589 3715 651 3779 τόδ’
671 3713 819 3801 Ἡρακλῆς
840 3717 982 3800 Recitata,
1006 3719 1119 3800 quibus
1141 3720 1248 3784 verbis
1270 3720 1365 3802 signi-

266 3829 352 3909 ficat,
376 3828 437 3891 sibi
458 3827 542 3891 idem
566 3828 751 3910 contingere
774 3834 868 3910 atque
891 3828 946 3909 eis,
969 3829 1023 3910 qui
1045 3829 1215 3893 Herculem
1233 3849 1365 3913 excepe·
1477 3880 1486 3907 ,

266 3939 331 4001 rint
352 3946 468 4002 etune
497 3957 565 4000 cum
600 3957 638 4001 eo
675 3941 797 4001 cenent.
841 3936 886 3998 Iis
909 3937 1005 4016 enim,
1039 3937 1092 4018 qui
1122 3957 1191 3999 cum
1223 3937 1364 4002 Hercule

267 4047 456 4113 edacissimo
478 4066 541 4109 una
571 4048 749 4126 conabant,
774 4042 904 4134 multum
930 4044 1082 4128 temporis
1114 4047 1364 4129 exspectandum

267 4162 344 4236 erat,
379 4154 484 4239 quoad
517 4156 610 4219 heros
639 4156 721 4219 cibis
748 4161 834 4219 esset
865 4154 998 4217 satiatus
1031 4152 1071 4218 oi.
1103 4154 1202 4220 schol.
1226 4155 1266 4219 ad
1288 4155 1362 4239 Lys.

266 4263 336 4342 928,
359 4267 472 4349 Apost.
495 4264 586 4342 VIII,
609 4261 657 4325 63.
701 4263 772 4327 Νοο
797 4264 874 4329 satis
897 4263 1016 4327 locutio
1039 4265 1079 4327 ab
1101 4260 1234 4328 Elasmo
1251 4287 1281 4349 p.
1301 4263 1363 4327 669

266 4373 429 4456 explicata
449 4379 506 4454 est,
529 4372 584 4455 qui
616 4373 705 4462 dicit,
729 4371 927 4461 „dictitatum
959 4371 1017 4455 (sc.
1048 4373 1274 4458 proverbium),
1310 4375 1365 4439 ubi
