3100 4974
782 267 823 330 60

699 355 897 366 ν-ηα--ι-ιι

251 467 392 553 explicat
413 468 462 533 his
483 469 606 533 verbis:
630 472 774 551 παρῆκται
796 468 854 551 (sc.
877 468 1025 552 παροιμία)
1047 468 1105 532 ἀπὸ
1129 474 1186 533 τῶν
1207 470 1350 556 πεμφθέν-

249 599 306 639 των
329 578 395 659 παρ’
415 572 602 658 Ἱππομένους
623 576 670 639 ἐπὶ
686 573 870 660 Ἀταλάντην
898 580 1015 661 μήλων·
1047 577 1199 661 προῦκειτο
1222 580 1350 665 μὲνγὰρ

249 682 381 748 ἔπαθλον
404 690 446 768 τῷ
468 690 578 748 νικῶντι
599 689 650 768 τὴν
666 681 849 769 Ἀταλάντην
870 684 971 769 δρόμῳ
994 687 1009 748 ὃ
1031 688 1137 770 ταύτης
1158 691 1260 772 γάμος.
1298 690 1350 757 Εἰς

249 792 373 875 ἅμιλλαν
395 796 463 876 γοῦν
487 794 502 855 ὁ
523 790 695 878 Ἱππομένης
715 794 861 862 καταστὰς
879 799 984 878 Ιχρυσαῖ
1010 800 1090 878 μῆλα
1112 795 1250 881 πρότερον
1272 797 1351 881 παρὰ

174 900 176 903 ’
248 907 300 984 τῆς
318 898 497 986 Ἀφροδίτης
519 904 629 988 λαβὼν,
652 903 811 966 καὶταῦτα
832 903 935 987 ῥίπτων
957 905 1047 986 αὐτῆς
1061 905 1240 990 περιγέγονεν
1262 906 1349 990 ἀσχο-

251 1008 394 1094 λουμένης
416 1011 481 1094 περὶ
503 1013 554 1094 τὴν
576 1015 633 1072 τῶν
656 1013 760 1094 μήλων
782 1014 937 1094 συλλογήν.
971 1013 1168 1079 Scholiastes
1186 1015 1264 1081 haec
1286 1022 1351 1080 tan·

247 1126 327 1185 tum:
350 1119 411 1180 ἀντὶ
425 1122 474 1181 τοῦ
497 1117 597 1200 ἔρωτι·
622 1121 796 1205 μηλοβολεῐν
817 1119 872 1202 γὰρ
894 1118 997 1201 ἔλεγον
1019 1122 1052 1183 τὸ
1075 1123 1115 1189 εἰς
1132 1123 1285 1207 ἀφροδίσια
1307 1125 1351 1187 δε-

248 1229 376 1300 λεάζειν·
410 1227 455 1289 ἐπὶ
482 1228 528 1289 καὶ
555 1232 586 1289 th
614 1231 706 1310 μῆλον
726 1224 900 1312 Ἀφροδίτης
922 1229 996 1291 ἐστὶν
1019 1230 1105 1313 ἱερόν.
1150 1232 1190 1295 cf.
1214 1233 1349 1298 Theocr.

246 1334 612 1418 fflfflfflmwss:

399 1465 513 1532 Βαλλοι
535 1492 585 1553 τοι,
610 1468 782 1554 Πολυραμε,
805 1473 838 1532 τδ
861 1469 996 1554 ποίμνιον,
1020 1470 1039 1532 ἁ
1060 1467 1206 1533 Γαλάτεια

399 1576 549 1651 Molliorem,
573 1579 726 1662 δυσέρωτα
749 1578 795 1640 καὶ
817 1577 937 1640 αἰπόλον
959 1576 1051 1662 ἄνδρα
1071 1581 1208 1661 καλεῦσα,

247 1732 338 1794 quem
361 1712 465 1777 locum
480 1713 646 1795 Vergilius
668 1713 739 1777 buc.
764 1711 994 1795 aclionaeus
1018 1720 1079 1777 est:
1105 1712 1204 1792 ,malo
1222 1731 1271 1775 me
1286 1711 1346 1776 Ga·

246 1821 331 1885 latea
354 1821 444 1903 petit,
465 1822 588 1886 lasciva
610 1822 747 1906 puella“.

346 1964 419 2026 Huc
443 1971 570 2046 spectat
590 1964 710 2027 locutio
733 1963 814 2048 περὶ
843 1962 926 2026 ὄνου
956 1967 1068 2043 σκιᾶς,
1092 1984 1184 2046 quam
1207 1964 1239 2025 in
1259 1982 1347 2045 vesp.

247 2070 306 2132 191
340 2071 488 2155 legimus,
521 2073 577 2136 uhi
610 2073 797 2137 Philocleon
831 2073 871 2137 ad
898 2073 1147 2156 Bdelycleonem
1177 2090 1349 2135 conversus

246 2179 338 2243 dicit:
383 2179 408 2241 εἰ
443 2183 482 2264 μὴ
520 2181 548 2260 μ’
584 2180 700 2243 ἐάσεσδ’
736 2182 861 2265 ἥσυχον,
896 2182 1080 2264 μαχούμεθα.
1125 2181 1205 2244 Tum
1238 2179 1350 2262 Bdely·

247 2289 351 2354 oleon:
392 2289 460 2371 ’περὶ
492 2291 543 2351 τοῦ
583 2292 674 2373 μαχεῖ
707 2295 764 2373 νῷν
802 2291 889 2372 dipsas
924 2298 955 2355 et
989 2289 1045 2353 illc
1073 2289 1189 2372 jocose
1221 2308 1349 2372 respon-

246 2399 313 2463 det:
347 2398 411 2480 περὶ
454 2395 521 2459 ὄνου
558 2401 647 2464 σκιᾶς.
702 2400 751 2463 De
788 2399 911 2480 origine
953 2399 1124 2463 locutionis
1162 2398 1350 2461 scholiastes

245 2507 325 2571 haec
348 2527 386 2571 ex
409 2507 515 2570 fabula
539 2515 687 2591 prompta
707 2507 820 2572 refert:
856 2509 1091 2572 adolescentem
1114 2508 1349 2587 Atheniensem,

247 2616 301 2699 qni
325 2616 489 2698 Megaram
519 2617 571 2681 vel
592 2617 734 2700 Delphos
764 2616 864 2700 (utin
886 2620 968 2701 App.
991 2616 1047 2694 IV,
1070 2614 1123 2697 26)
1151 2605 1213 2679 iter
1242 2614 1350 2678 facere

249 2726 477 2806 constituisset,
501 2726 622 2789 asinum
646 2727 707 2788 sibi
731 2726 921 2791 'conduxisse
943 2725 984 2788 ad
1000 2724 1143 2787 sarcinas
1158 2723 1349 2807 portandas;

246 2841 391 2918 tempore
414 2834 589 2898 meridiano
613 2855 683 2898 cum
706 2835 783 2898 solis
806 2835 937 2899 ardores
959 2833 1086 2897 maximi
1109 2839 1223 2912 essent,
1247 2851 1350 2914 neque

247 2943 365 3006 alicubi
389 2943 492 3022 locus,
522 2943 576 3025 qui
597 2944 741 3006 umbram
761 2947 944 3028 praeheret,
967 2944 1000 3006 in
1023 2943 1145 3007 asinum
1167 2940 1351 3006 ascendisse

247 3072 317 3115 eum
340 3061 373 3116 et
395 3052 540 3115 sarcinas
562 3051 609 3114 ita
631 3051 841 3134 disposuisse,
875 3065 910 3116 ut
936 3055 994 3116 sub
1020 3056 1131 3116 umbra
1153 3052 1351 3116 sarcinarum

249 3162 339 3225 asino
362 3161 525 3225 insideret.
571 3160 651 3223 Tum
674 3161 846 3223 asinarium
868 3161 998 3239 dixisse,
1021 3182 1082 3224 non
1105 3180 1143 3224 ea
1167 3160 1351 3224 conditione

247 3290 282 3335 se
304 3270 427 3333 asinum
447 3271 588 3347 locasse,
621 3279 656 3332 ut
676 3269 731 3331 ille
752 3271 823 3354 ipse
845 3289 883 3333 eo
906 3275 1059 3349 uteretur,
1090 3268 1147 3331 sed
1173 3273 1293 3330 tantum
1315 3274 1351 3331 ut

248 3380 397 3442 sarcinae
419 3383 638 3462 portarentur,
662 3376 896 3440 adulescentem
919 3384 1030 3454 autem,
1054 3378 1176 3439 asinum
1198 3377 1350 3439 umbram·

248 3507 310 3570 que
332 3486 414 3549 asini
437 3505 471 3549 se
494 3485 694 3549 conduxisse.
728 3483 798 3560 Qua
812 3485 852 3548 de
866 3505 902 3549 re
918 3505 988 3548 cum
1010 3485 1094 3548 inter
1116 3505 1171 3550 eos
1194 3506 1256 3549 non
1279 3505 1350 3548 con·

246 3594 396 3674 venisset,
420 3595 559 3657 arbitros
582 3594 701 3658 adiisse
721 3613 792 3674 eos3
815 3594 898 3657 unde
922 3594 976 3658 illo
992 3615 1032 3659 ex
1054 3605 1197 3679 tempore
1219 3593 1349 3657 locutio-

247 3723 317 3767 nem
340 3703 404 3784 περὶ
431 3700 498 3764 ὄνου
526 3705 605 3769 σκιᾶς
633 3704 781 3788 μάχεσθαι
806 3704 837 3769 in
871 3703 984 3787 vulgus
1017 3705 1237 3788 pervulgatam
1269 3721 1348 3781 esse,

247 3821 431 3897 usurpatam
455 3812 495 3876 de
517 3813 577 3894 cis,
608 3814 662 3896 qui
685 3814 725 3877 de
748 3813 847 3877 nihilo
870 3820 1041 3878 certarent.
1086 3812 1126 3877 cf.
1149 3811 1269 3876 Zenob.
1294 3810 1349 3891 VI,
1405 3860 1409 3897 5

247 3919 297 3985 28.
341 3924 425 4005 App.
449 3921 510 4000 lV,
542 3919 592 3984 26.
647 3923 766 3986 Iterum
796 3922 915 4004 legitur
943 3922 1063 3986 locutio
1092 3922 1126 3984 in
1151 3920 1256 4003 frgmt.
1277 3917 1347 3999 238,
1413 3948 1414 3951 ι

248 4050 310 4112 quo
344 4049 383 4093 ex
405 4029 523 4095 Photio
546 4053 576 4114 p.
600 4029 712 4110 338,15
733 4032 814 4095 haec
836 4032 991 4094 translata.
1015 4036 1099 4093 sunt:

311 4152 379 4216 ὄνυυ
402 4156 478 4220 σκιαί.
498 4152 546 4221 Ἀ.
571 4157 724 4239 Λαιδοίλῳ·
747 4178 776 4217 α.
799 4155 862 4238 περὶ
883 4159 933 4217 τοῦ
954 4153 1009 4237 ηδιρ
1032 4154 1095 4235 ὑμῖν
1117 4154 1133 4216 ὁ
1153 4153 1281 4237 πόλεμος

769 4269 818 4327 νῦν
838 4264 910 4346 ἐστι;
933 4264 959 4348 β.
982 4263 1046 4346 περὶ
1069 4261 1136 4325 ὄνου
1159 4265 1248 4330 σκιᾶς.

249 4388 360 4455 Simile
383 4395 432 4451 cst
465 4389 550 4472 apud
577 4409 634 4454 nos
660 4411 729 4468 ,um
752 4388 808 4453 des
830 4389 964 4454 Kaisers
987 4388 1065 4452 Bart
1086 4387 1246 4451 streiteu.“

1448 4252 1453 4271 ι

1449 4290 1454 4319 l
