3100 4974
259 498 389 563 metrius
412 497 634 582 vituperavit);
666 499 720 561 uhi
743 499 933 564 scholiastes
955 499 1035 563 haec
1058 500 1160 564 addit:
1190 498 1360 583 παραλείπει

260 607 294 669 δὲ
316 605 397 690 ὅμως
420 606 466 668 καὶ
488 605 574 673 αὐτὸς
607 607 664 688 (se.
687 607 881 690 Demetrius)
916 606 959 670 ὅτι
981 608 1065 670 οῦδὲν
1093 607 1180 690 ἧττον
1209 608 1287 691 παρὰ
1309 610 1359 691 τὴν

260 714 395 778 ὑπόνοιαν
419 713 527 798 εἴρηται
548 713 608 776 ἀντὶ
627 718 677 777 τοῦ
705 711 791 799 Κῷος
813 712 891 783 hac.
946 717 1025 780 Tria
1057 718 1155 799 igitur
1188 719 1228 783 de
1254 720 1361 802 patria

260 825 467 890 Theramenis
490 824 608 887 tradita
631 832 715 906 sunt3
739 832 836 908 atque
858 846 940 888 nunc
963 825 1199 905 dijudicandum
1215 834 1272 909 est,
1297 848 1359 910 quo

239 919 445 998 leonnatus
467 932 570 1013 fuerit,
592 944 696 997 utrum
718 935 750 996 in
772 933 876 997 insula
899 933 966 997 Coo
989 931 1113 1019 (Koios),
1140 956 1180 999 an
1201 937 1234 1000 in
1255 937 1359 1000 insula

260 1041 341 1106 Ohio
364 1038 472 1125 (Χῖος),
496 1062 537 1105 an
557 1043 589 1104 in
611 1042 715 1106 insula
738 1042 804 1106 Oea
827 1039 934 1124 (Κεῖος,
960 1043 1052 1126 cujus
1068 1046 1158 1108 vocis
1180 1044 1281 1108 forma
1296 1046 1359 1108 vul-

260 1152 349 1235 garis
371 1158 421 1216 est
443 1147 536 1232 llius).
582 1151 672 1227 Quae
706 1152 746 1214 ad
780 1152 985 1233 dijudicanda
1011 1155 1117 1235 magni
1140 1161 1190 1218 est
1212 1157 1360 1219 momenti

261 1261 346 1342 quod
368 1260 599 1344 Aristophanes
622 1261 730 1324 verbis
745 1260 778 1322 οὐ
802 1256 873 1326 Χῖος
896 1260 972 1321 ἀλλὰ
988 1256 1075 1328 Κεῖος
1090 1263 1269 1328 locutiones
1291 1265 1361 1328 atti·

260 1371 316 1453 git,
340 1390 421 1453 quae
445 1390 484 1434 ex
505 1369 643 1434 ludendo
666 1370 741 1433 talis
763 1375 854 1433 ortae
875 1379 954 1433 sunt.
1006 1436 1008 1440 ,

362 1478 502 1561 Singulis
525 1479 608 1542 enim
629 1479 762 1542 talorum
781 1478 923 1559 jactibus
946 1478 1197 1559 remisserunt,
1226 1501 1359 1562 quorum

262 1587 324 1651 duo
358 1596 430 1652 sunt
451 1587 467 1650 ὁ
489 1584 561 1655 Χῖος
583 1586 671 1670 βόλος
698 1594 730 1651 et
751 1586 766 1647 ὁ
789 1581 876 1669 Κῷος
893 1585 992 1671 βόλος,
1025 1607 1107 1669 quae
1141 1586 1256 1651 Suidas
1280 1608 1304 1652 s.
1328 1612 1357 1654 v.

262 1698 309 1760 sie
332 1698 487 1781 explicat:
522 1696 610 1778 ὁμὲν
632 1696 687 1781 γὰρ
710 1694 781 1764 Χῖος
804 1696 924 1759 ἐδύνατο
947 1695 996 1776 ἓν,
1029 1694 1099 1756 ὅδὲ
1121 1690 1207 1779 Κῷος
1228 1695 1270 1765 ἕξ.
1316 1697 1356 1761 ol.
1394 1755 1395 1758 ,

261 1805 383 1870 Polluc.
408 1804 506 1887 7305.
530 1804 791 1887 9,10οοοΡοοτ.
826 1805 964 1883 ercrum
988 1806 1042 1888 qui
1064 1799 1151 1887 Κῷος
1172 1808 1356 1887 vocabatur,

262 1935 396 1997 prosper
417 1916 601 1997 habebatur,
624 1916 678 1998 qui
690 1912 770 1996 Χῖος,
793 1936 855 1979 non
879 1934 1023 1998 prosper.
1056 1913 1135 1977 Inde
1158 1916 1358 1996 proverbium

262 2031 365 2088 ortum
388 2031 449 2104 est,
484 2024 569 2107 quod
593 2031 642 2089 est
673 2021 745 2091 Χῖος
778 2022 929 2105 παραστὰς
961 2019 1048 2106 Κῷον
1071 2021 1124 2084 οὐκ
1149 2021 1185 2105 ἐᾷ
1210 2021 1301 2103 λέγειν
1329 2024 1362 2086 in

262 2135 346 2217 App.
370 2135 410 2215 V,
432 2132 473 2195 28
495 2134 547 2199 vel
569 2129 656 2216 Κῷος
678 2133 751 2217 πρὸς
765 2133 840 2196 Χῖον
860 2154 910 2216 ap.
935 2133 1054 2197 Zenob.
1071 2131 1126 2212 IV,
1150 2129 1190 2192 74
1213 2139 1246 2195 et
1266 2132 1361 2214 Diog.

261 2242 301 2323 V,
325 2240 373 2323 70,
395 2244 449 2306 ubi
471 2244 551 2308 haee
573 2263 677 2327 pauca
697 2250 831 2309 tantum:
868 2241 936 2304 ὅταν
970 2241 1111 2303 ἐλάττονα
1143 2239 1215 2321 πρὸς
1245 2240 1362 2322 μείζονά

261 2372 301 2417 τις
321 2350 508 2435 παραβάλλῃ.
553 2352 613 2415 Vis
631 2353 801 2417 locutionis
824 2352 904 2416 haec
927 2358 989 2416 est:
1014 2372 1084 2414 cum
1106 2349 1134 2412 is
1153 2349 1271 2431 jactus,
1296 2370 1360 2432 quo

262 2462 385 2524 numeri
407 2481 486 2524 unus
509 2470 541 2526 et
563 2481 619 2526 sex
642 2462 729 2525 missi
754 2467 857 2542 erant,
891 2460 970 2524 nihil
992 2460 1130 2541 valeret,
1154 2458 1360 2542 proverbium

262 2569 302 2633 de
325 2571 371 2634 eis
394 2570 567 2651 dicebatur,
591 2571 645 2653 qui
665 2572 698 2633 in
720 2571 817 2634 tantis
844 2570 935 2633 malis
958 2576 1170 2648 versarentur,
1194 2584 1229 2631 ut
1250 2588 1361 2649 quam-

261 2679 312 2742 vis
334 2679 456 2762 aliquid
478 2700 634 2764 prospere
656 2681 866 2744 successisset
885 2680 940 2759 eis,
963 2687 1069 2742 tamen
1091 2698 1129 2741 ea
1152 2677 1245 2740 dere
1266 2696 1361 2760 prop·

262 2793 312 2852 ter
333 2789 509 2852 molestiam
532 2810 636 2852 rerum
663 2789 918 2854 adversariarum
951 2787 1092 2869 gaudere
1124 2807 1187 2849 uon
1219 2791 1359 2868 possent.

262 2895 383 2973 Quibus
405 2899 574 2982 expositis,
603 2919 714 2963 cares
737 2919 800 2961 nun
823 2898 896 2961 mihi
922 2895 1119 2981 exploranda
1142 2900 1198 2975 est,
1222 2894 1298 2977 quid
1320 2894 1360 2958 de

260 3004 309 3068 his
330 3004 460 3077 ludendi
481 3007 556 3071 talis
577 3007 791 3071 locutionibus
814 3007 956 3090 depromi
979 3006 1084 3089 possit
1105 3005 1145 3068 ad
1168 3003 1361 3088 explicanda

260 3114 324 3179 ista
345 3117 444 3179 rerba
465 3115 498 3177 od
523 3111 592 3184 Χῖος
611 3116 689 3179 ἀλλά
710 3112 805 3183 Κεῖος.

361 3222 508 3305 Constat,
541 3234 759 3294 rectamesse
785 3226 954 3290 lectionem
985 3221 1071 3290 Κεῖος
1093 3223 1145 3286 vel
1167 3217 1251 3303 Kios,
1285 3222 1358 3304 quia

260 3332 322 3396 cod
343 3333 383 3395 V.
407 3337 540 3416 praebet
560 3330 654 3415 Κεῖος,
678 3335 774 3399 celeri
795 3329 874 3401 Κῐος,
918 3334 1023 3402 Etiam
1038 3330 1360 3396 hlusthatiumlectio-
1436 3344 1439 3347 ’
1525 3296 1526 3359 3

260 3462 330 3505 nem
354 3436 440 3510 Κεῖος
460 3443 587 3525 legisse,
610 3450 746 3526 apparet
767 3462 806 3505 ex
828 3442 926 3536 schol.
944 3441 1003 3505 Od.
1021 3444 1058 3504 A.
1077 3438 1208 3522 139l,39
1231 3439 1263 3501 οὐ
1279 3436 1359 3519 Χῖος,

260 3658 338 3722 ἀλλὰ
357 3658 528 3745 reputentur
549 3661 604 3723 ὑπὸ
627 3664 677 3722 τοῦ
700 3663 837 3744 κωμικοῦ.
893 3658 963 3736 Qua
989 3679 1024 3723 re
1048 3659 1294 3738 demonstratur,
1327 3662 1361 3720 ut

260 3769 344 3833 infra
366 3769 550 3848 videbimus,
575 3772 713 3855 patriam
735 3770 942 3834 Theramenis
958 3769 1057 3832 fuisse
1076 3768 1211 3833 insulam
1234 3766 1359 3851 Oeum,

259 3878 452 3962 praesertim
474 3898 544 3942 cum
567 3868 689 3943 scholia
711 3880 781 3943 cod.
803 3880 842 3960 V,
865 3900 946 3962 quae
969 3879 1090 3962 optima
1113 3877 1248 3940 omnium
1270 3894 1360 3959 prae·

260 3994 310 4053 ter
333 3988 402 4052 cod.
425 3987 455 4050 R
476 3988 623 4053 habenda
656 3995 740 4069 sunt,
773 3990 833 4052 hac
855 3989 888 4051 in
918 3987 1024 4050 insula
1056 4006 1126 4051 eum
1154 3992 1261 4048 natum
1289 4003 1361 4049 esse

258 4097 409 4163 referant.
972 4159 974 4164 .

360 4206 452 4270 Nunc
471 4206 540 4289 jam
555 4206 727 4288 rideamne,
750 4206 909 4290 quomodo
928 4206 1028 4270 verba
1043 4203 1077 4267 οὐ
1093 4200 1165 4270 Χῖος
1181 4200 1259 4265 ἀλλὰ
1274 4194 1361 4270 Κεῖος

260 4316 514 4398 iuterpretemur.
557 4315 674 4380 Notum
697 4323 757 4398 est,
791 4315 959 4381 fortumam
987 4312 1177 4379 Therameni
1199 4312 1295 4376 valde
1316 4310 1361 4375 fa·
1430 4370 1432 4372 .

258 4424 355 4505 visse,
378 4437 413 4487 ut
434 4443 474 4488 ex
495 4431 610 4508 poetae
631 4423 737 4488 verbis
756 4424 959 4507 intelligitur:
