3100 4974
762 266 764 271 ,
785 267 826 330 6.

344 470 405 534 His
427 469 531 535 tribus
546 471 717 552 generibus
739 470 935 534 locutionum
956 487 1070 533 nomeu
1092 468 1257 553 proverbii
1275 488 1347 534 esse

245 579 489 661 attribuendum,
512 599 615 643 meum
638 584 688 644 est
706 579 897 663 judicium..
922 578 1047 642 Erasmi
1070 577 1213 642 definitio
1234 599 1346 662 parum

245 697 332 755 certa
356 689 430 751 mihi
454 696 517 769 est,
544 689 598 770 qui
620 688 653 751 in
675 688 775 772 praef.
799 688 903 772 Adag.
927 687 1018 767 dicit,
1049 687 1254 770 proverbium
1276 707 1347 753 esse

244 798 436 863 locutionem
459 797 625 881 vulgarem
649 798 732 862 scita
754 798 890 881 quadam
913 797 1055 861 novitate
1077 796 1245 861 excelsam.

344 906 495 983 Quamvis
522 906 696 971 sententias
724 906 939 988 formulasque
969 904 1096 969 dicendi
1123 925 1186 969 nou
1213 904 1348 970 difficile

245 1016 287 1080 sit
320 1035 529 1098 cognoscere,
566 1016 685 1099 quippe
718 1036 800 1098 quae
831 1015 865 1078 in
893 1021 1012 1079 certam
1035 1014 1192 1097 quandam
1215 1013 1347 1078 formam

245 1125 309 1188 sint
330 1124 483 1203 redactae
505 1144 638 1190 necesse
661 1124 716 1205 sit,
750 1131 890 1189 attamen
916 1123 1093 1187 dificillima
1118 1131 1168 1189 est
1194 1123 1346 1206 cognitio,

244 1241 348 1298 utrum
381 1235 568 1318 metaphora
599 1234 632 1296 iu
659 1252 714 1297 ore
740 1234 828 1316 vulgi
851 1241 980 1298 versata
1007 1234 1049 1297 sit
1070 1252 1179 1297 necne.
1224 1232 1287 1296 Vel
1319 1233 1347 1296 si

149 1337 152 1342 ’
245 1343 317 1426 quis
338 1343 458 1406 nostris
485 1343 684 1426 temporibus
713 1343 753 1406 de
778 1343 960 1427 proverbiis
988 1362 1064 1406 suae
1090 1342 1192 1424 ipsius
1218 1341 1347 1424 linguae

246 1451 411 1534 disputare
435 1452 521 1530 velit,
544 1451 717 1515 timendum
739 1458 796 1526 est,
820 1472 860 1515 ne
875 1452 1043 1516 nonnullus
1058 1450 1235 1515 locutiones
1258 1471 1348 1533 prae·

244 1561 413 1642 termittat;
444 1561 607 1642 numquis
630 1567 693 1642 est,
721 1562 773 1624 cui
795 1581 902 1625 omnes
925 1581 985 1645 per
1005 1567 1105 1624 totum
1128 1559 1240 1639 vulgus
1263 1561 1347 1623 locu·

192 1726 194 1730 Α
243 1670 347 1733 tiones
363 1669 512 1751 vulgatae
534 1686 629 1733 notae
651 1670 737 1733 sint?
775 1669 895 1746 Quodsi
910 1671 971 1734 hoc
992 1671 1060 1753 jam
1077 1669 1173 1733 hodie
1186 1669 1219 1731 in
1236 1675 1346 1733 nostro

244 1797 389 1842 sermone
409 1776 541 1841 difficile
562 1784 620 1857 est,
644 1785 761 1861 quanto
785 1778 948 1842 difficilius
972 1785 1022 1843 est
1035 1778 1213 1842 locutiones
1236 1798 1347 1860 agnos·

245 1907 318 1952 cere
334 1887 493 1969 vulgares,
517 1907 599 1969 quae
622 1887 752 1952 circiter
767 1895 841 1951 ante
864 1888 979 1969 viginti
995 1888 1058 1950 tria
1085 1886 1268 1950 saeculam
1290 1907 1346 1951 ore

243 1995 332 2078 vulgi
355 1996 473 2061 Graeci
495 2004 643 2059 versatae
666 1996 750 2063 sint?
793 1995 863 2072 Qua
894 1998 926 2059 in
960 2017 995 2060 re
1023 1997 1201 2080 judicanda
1234 1997 1346 2059 summi

243 2106 393 2169 momenti
414 2106 507 2169 nobis
529 2112 611 2184 sunt,
646 2125 727 2186 quae
761 2106 1039 2190 paroemiographi
1068 2113 1192 2169 veteres
1216 2106 1256 2169 de
1275 2126 1345 2188 pro·

154 2276 156 2281 s
243 2214 364 2277 verbiis
386 2215 611 2295 disseruerunt,
645 2215 699 2296 qui
722 2234 763 2278 ex
786 2214 923 2278 fontibus
955 2215 1140 2297 hauserunt,
1175 2235 1255 2297 quos
1287 2235 1344 2279 nos

243 2343 306 2386 nou
324 2323 393 2405 jam
415 2323 506 2387 adire
527 2343 702 2408 possumus.
739 2323 873 2387 Praeter
900 2325 1203 2409 paroemiographos
1226 2345 1343 2389 summo

244 2432 424 2514 adjumento
448 2433 540 2496 nobis
563 2442 636 2496 sunt
658 2453 740 2514 quae
771 2440 896 2497 veteres
923 2434 1116 2499 scholiastae
1139 2436 1344 2519 seripserunt,

244 2541 298 2624 qui
320 2541 545 2625 Aristophanis
568 2541 695 2625 quidem
717 2542 891 2606 comoediis
922 2543 1172 2627 interpretandis
1194 2565 1345 2608 summum

244 2650 382 2714 studium
405 2658 438 2715 et
458 2650 601 2714 lahorem
622 2646 851 2734 impenderunt,
884 2672 986 2735 neque
1019 2654 1145 2717 omnino
1168 2654 1195 2716 si
1217 2673 1279 2735 qua
1301 2653 1342 2716 lo·

244 2760 331 2824 cutio
352 2760 495 2842 vulgaris
518 2760 564 2824 eis
588 2760 789 2839 occurrisset,
813 2780 881 2824 eam
900 2766 1013 2826 notare
1028 2769 1060 2826 et
1082 2763 1246 2846 explicare
1266 2762 1342 2824 omi-

244 2876 362 2933 serunt.
407 2868 493 2946 Quos
514 2876 621 2933 tamen
643 2890 706 2933 non
728 2870 922 2933 certissimos
949 2891 1020 2934 esse
1046 2877 1194 2936 auctores
1217 2871 1343 2935 silentio

244 2978 422 3061 praeterire
445 3000 506 3043 non
528 2996 796 3062 possum3'ueque
819 2980 902 3043 enim
923 2978 1036 3044 desunt
1054 2980 1242 3063 locutiones,
1265 3000 1344 3064 quas

245 3088 327 3151 alius
349 3087 593 3151 scholiastarum
614 3088 817 3169 metaphoras
839 3094 960 3152 tantum
981 3098 1087 3168 vocet,
1120 3089 1202 3153 alius
1232 3097 1345 3154 contra

243 3197 425 3281 proverbia,
457 3204 492 3260 ut
522 3196 606 3260 infra
638 3197 824 3261 videbimus.
868 3197 1109 3280 Nonnumquam
1141 3198 1259 3262 factum
1286 3206 1344 3280 est,

242 3314 279 3370 ut
298 3307 418 3371 locutio
442 3327 536 3389 quam
558 3305 751 3369 scholiastae
772 3305 844 3370 loeo
862 3308 1026 3390 proverbii
1045 3308 1171 3386 hahent,
1194 3328 1214 3371 a
1233 3300 1343 3391 paroe-

242 3415 440 3498 miographis
461 3414 611 3496 neglecta
632 3414 688 3497 sit,
716 3415 811 3477 etiem
833 3414 1013 3480 locutiones
1036 3423 1246 3481 occurrerunt
1266 3417 1344 3480 mihi

243 3544 263 3595 a
286 3524 580 3608 paroemiographis
602 3528 740 3604 notatae,
764 3526 1008 3605 praetermissae
1029 3547 1049 3590 a
1071 3527 1263 3592 scholiastis.

342 3632 434 3697 Nunc
456 3632 618 3697 afferenda
641 3632 793 3696 nonnulla
820 3641 906 3714 sunt,
938 3654 1019 3717 quae
1048 3637 1202 3701 sermonis
1223 3636 1344 3699 Ariste

242 3741 357 3825 phanis
380 3742 513 3826 propria
536 3747 617 3805 sunt.

344 3851 487 3917 Sermoni
502 3851 736 3933 Aristophanis,
759 3858 794 3915 ut
815 3857 930 3935 poetae
953 3852 1075 3933 comici,
1095 3852 1238 3918 habitum
1252 3874 1344 3937 quen·

244 3959 316 4024 dam
337 3959 502 4043 vulgarem
522 3961 637 4039 inesse,
660 3959 777 4023 nemini
792 3961 904 4024 mirum
919 3980 990 4025 esse
1004 3967 1125 4046 potest3
1149 3970 1346 4048 quapropter

244 4070 455 4134 creberrimas
483 4068 661 4133 locutiones
683 4089 844 4151 vocesque
876 4070 1064 4153 invenimus,
1098 4092 1181 4155 quae
1214 4092 1255 4137 ex
1286 4092 1344 4136 usu

243 4178 417 4242 communis
445 4178 532 4243 vitae
553 4179 675 4262 petitae
704 4183 785 4241 sunt.
830 4181 936 4261 Atque
970 4200 1039 4243 cum
1061 4180 1240 4245 locutiones
1262 4180 1346 4245 infra

241 4285 430 4352 tractandae
454 4288 525 4368 sint,
546 4288 608 4351 hoe
630 4287 702 4351 loco
724 4307 822 4352 voces
844 4290 1016 4372 perpaucis
1040 4292 1301 4354 commemorabo.

342 4396 517 4478 Vulgarum
543 4396 680 4463 reddunt
709 4413 885 4463 sermonem
907 4398 1132 4482 Aristophanis
1155 4419 1224 4462 cum
1246 4419 1344 4465 voces
