3100 4974
729 291 769 363 lh

649 386 847 396 ..m—d...-

202 498 369 583 μεταφσραλν
391 498 469 563 εἶπεν
489 502 530 568 ὡς
551 500 597 562 ἐπὶ
618 504 668 564 τοῦ
689 501 841 585 ἐπιβάτου·
864 500 932 563 ὅταν
957 500 1012 584 γὰρ
1039 503 1178 587 ταραχθῇ
1204 504 1222 585 ἡ
1244 501 1295 564 δά·

202 611 295 670 λασσα
317 608 363 669 καὶ
395 610 565 691 κινδυνεύσῃ
596 612 629 670 τδ
657 612 770 692 πλοῖον,
798 611 813 672 ὁ
841 610 962 695 &clici-„pc
987 616 1146 694 σωφρονῶν
1173 610 1222 673 τὸν
1244 609 1296 693 μὲν

201 716 299 800 ἕτερον
323 722 420 801 τοῖχον
443 718 488 801 ἐᾷ.
511 718 551 786 εἰς
573 720 604 781 τὲ
626 718 659 779 τὸ
681 717 780 800 ἕτερον
803 721 1003 801 μετακυλίνδει
1023 719 1135 783 ἑαυτόν.
1168 722 1220 784 Ab
1235 720 1295 784 hoc

202 826 328 908 quidem
361 827 534 891 scholiasta
573 827 709 890 nondum
745 829 865 893 locutio
901 830 1113 913 proverbialis
1154 836 1295 908 vocatur,

201 936 258 999 sed
291 937 324 999 iu
357 935 458 1000 schol.
492 937 638 1000 codicum
670 947 847 1001 ceterorum
876 948 1004 1021 praeter
1025 937 1055 1001 R
1076 948 1107 1002 et
1125 939 1157 1000 V
1178 939 1297 1022 scriptu

196 1045 264 1127 jum
286 1044 432 1126 legimus:
460 1045 597 1128 παροιμία
630 1046 663 1107 δέ
696 1047 755 1108 ἐστι
777 1046 848 1130 πρὸς
874 1046 923 1107 τδν
952 1043 984 1108 εὖ
1011 1048 1171 1128 πράττοντα
1200 1050 1296 1130 τοῖχον

201 1152 310 1236 ῥέπειν,
340 1152 385 1215 ἐπὶ
413 1157 470 1215 τῶν
501 1157 667 1217 λυσιτελοῦν
700 1158 797 1221 &creir
818 1155 880 1218 ciel
911 1154 1124 1238 στρεφομένων,
1184 1156 1297 1220 Utrum

202 1264 394 1328 scholiastae
417 1262 533 1327 court
554 1272 587 1328 et
600 1265 631 1328 V
652 1264 796 1328 consulto
818 1284 858 1328 an
881 1272 998 1328 temere
1020 1264 1213 1328 locutionem
1234 1285 1297 1327 non

200 1372 383 1436 notaverint
415 1373 659 1455 proverbialem,
693 1375 763 1456 quis
796 1381 853 1453 est,
886 1375 937 1456 qul
970 1373 1147 1453 dijudicare
1173 1373 1298 1456 possit?

200 1480 410 1562 Intelligimus
436 1501 475 1544 ex
497 1482 557 1545 hac
584 1502 708 1565 quoque
730 1503 774 1560 re,
797 1502 890 1564 quarn
912 1482 1043 1547 difficile
1065 1483 1157 1545 nohis
1178 1483 1232 1563 sit,
1255 1482 1299 1544 di·

197 1590 360 1672 judicare,
393 1596 496 1653 utrum
519 1590 638 1655 locutio
661 1591 874 1674 proverbialis
896 1591 992 1655 fuerit
1013 1611 1122 1656 necne.

302 1701 331 1762 A
352 1699 446 1762 mari
470 1701 623 1763 translata
647 1709 696 1764 est
717 1701 851 1779 locutio,
880 1720 973 1781 quam
996 1700 1028 1763 in
1050 1721 1117 1762 ran.
1140 1698 1202 1761 304
1224 1699 1300 1781 legi-

202 1829 278 1889 mus,
301 1809 356 1872 ubi
378 1814 545 1891 postquam
568 1809 713 1889 formido,
737 1809 862 1874 Graece
884 1805 1040 1891 Ἔμπουσα
1062 1818 1189 1888 vocata,
1217 1829 1299 1890 quae

202 1918 332 1981 Baccho
365 1926 415 1980 est
447 1918 608 1982 Xanthiae
645 1937 737 1982 servo
774 1921 918 1983 timorem
953 1937 1097 1999 magnum
1135 1917 1299 2000 injecerat,

201 2027 343 2104 evanuit,
373 2027 531 2091 Xanthias
558 2047 670 2092 servus
697 2028 776 2091 haec
803 2030 902 2092 verba
926 2026 967 2090 ad
990 2027 1148 2090 dominum
1171 2047 1300 2092 eonver-

202 2156 255 2200 sus
277 2136 431 2219 loquitur:
1329 2124 1332 2128 ’

402 2243 518 2327 θάρρει·
541 2245 624 2305 πάντ’
647 2245 745 2326 ἀγαθὰ
767 2248 964 2329 πεπράγαμεν,

401 2350 496 2423 ἔξεστί
514 2354 541 2416 u’
565 2354 662 2437 ὥσπερ
683 2350 845 2437 Ἡγέλοχος
867 2356 933 2437 ἡμῖν
958 2355 1049 2436 λέγειν

402 2461 438 2524 ἐκ
465 2463 627 2546 κυμάτων
652 2462 716 2545 γὰρ
740 2461 839 2531 αὖθις
867 2461 908 2527 αὖ
934 2467 1044 2546 γαλῆν
1072 2463 1150 2546 δρῶ.

401 2571 537 2653 ἥμπουσα
556 2570 680 2656 φρούδη.

294 2678 379 2755 lCum
403 2679 464 2744 hoc
485 2656 616 2746 loco'et
638 2682 677 2745 de
699 2683 871 2765 proverbio
895 2688 928 2746 et
954 2681 994 2744 dc
1020 2700 1100 2745 voco
1127 2682 1219 2764 γαλῆν
1241 2678 1301 2741 dis·

204 2788 375 2871 putandum
411 2790 486 2852 mihi
519 2790 568 2868 sit,
602 2791 736 2872 primum
769 2791 971 2873 proverbium
1006 2790 1187 2873 explicab0,
1218 2786 1303 2869 quod

205 2916 295 2961 versu
323 2898 433 2961 ultimo
460 2899 648 2963 continetur.
697 2899 778 2963 Erat
798 2900 984 2983 metaphora
1006 2898 1148 2980 vulgaris
1179 2918 1197 2959 a
1219 2895 1301 2959 mari

206 3007 370 3070 translata:

403 3115 436 3177 ἐκ
457 3116 594 3197 κυμάτων
616 3115 671 3197 γὰρ
694 3111 777 3184 αὖθις
798 3114 835 3178 αὖ
861 3117 981 3198 γαλήν’
1006 3117 1075 3200 ὁρῶ,

203 3247 297 3310 quam
320 3225 491 3309 Euripides
513 3225 545 3286 in
569 3224 622 3288 Or.
645 3223 707 3285 279
740 3225 899 3306 adhibuit;
933 3226 1043 3291 eadem
1077 3227 1218 3289 occurrit
1250 3245 1300 3306 ap.

202 3320 301 3398 Arist.
324 3334 344 3396 l.
369 3354 406 3413 c,
430 3334 483 3396 ubi
505 3334 608 3398 schol:
638 3331 699 3397 ἔστι
727 3334 761 3395 δὲ
789 3335 926 3418 παροιμία
954 3334 999 3395 ἐπὶ
1025 3339 1083 3396 τῶν
1106 3330 1302 3416 διαφυγόντων

202 3443 239 3505 τὰ
276 3445 400 3525 λυπηρά.
438 3442 477 3506 ul.
517 3446 629 3526 Apost.
664 3444 724 3524 Vl,
757 3442 797 3506 88
815 3445 849 3508 d:
887 3444 919 3505 ἐκ
954 3447 1092 3526 κυμάτων
1127 3443 1182 3526 γὰρ
1220 3439 1303 3507 αὖθις

202 3553 364 3634 γαλήνην
392 3551 466 3633 ὁρῶς
500 3548 663 3633 Εὐριπίδου.
708 3554 769 3630 Qui
797 3554 1000 3636 quadecuusa
1025 3554 1153 3635 γαλήνην
1180 3573 1239 3636 pro
1266 3548 1303 3612 αδ

203 3662 315 3743 γαλὴν’,
343 3681 424 3743 quae
446 3661 542 3725 lectio
566 3662 599 3723 in
621 3662 729 3747 Eurip.
753 3664 858 3728 Orest.
882 3661 943 3724 979
964 3664 1099 3745 legitur,
1128 3662 1302 3744 scripserit,

203 3790 267 3833 non
288 3770 450 3852 intellego.

304 3880 375 3942 Jam
400 3879 512 3963 paucis
534 3880 758 3961 explicandum
781 3896 837 3961 est,
860 3902 917 3945 cur
932 3881 1115 3944 [lindorfius
1137 3901 1196 3963 pro
1219 3880 1303 3943 cudi·

206 4008 276 4051 cum
298 3987 399 4068 γαλήν’
423 3989 591 4071 scripserit
604 3993 706 4068 γαλῆν.
744 3990 842 4073 Cujus
861 3991 1091 4054 emendationis
1113 4008 1210 4052 causa
1225 3990 1304 4052 haec

205 4097 272 4162 fuit.
317 4097 521 4178 Hegelochus
549 4099 630 4161 enim
657 4099 786 4178 histrio,
813 4101 865 4179 qui
891 4099 1014 4163 Orestis
1041 4106 1151 4183 partes
1178 4099 1303 4180 agebat,

205 4215 287 4270 teste
300 4205 470 4284 scholaste,
492 4206 580 4270 illum
604 4227 728 4270 versum
753 4208 858 4274 Orest.
875 4207 937 4270 279
959 4209 1099 4272 recitans
1122 4228 1180 4291 pro
1202 4206 1303 4289 γαλήν’

205 4316 469 4399 pronuntiaverat
490 4317 591 4396 γαλῆν,
614 4324 647 4381 et
668 4318 714 4380 ita
735 4317 906 4383 locutionis
928 4318 1116 4381 sententiam
1141 4318 1175 4379 iu
1207 4317 1305 4378 risum

207 4433 424 4506 converteram
460 4423 549 4509 cajus
583 4426 630 4493 rei
653 4427 899 4513 Aristophanem
932 4427 987 4497 illo
1014 4427 1087 4491 loeo
1115 4427 1304 4493 mentionem
