3100 4974
766 276 805 338 18

240 484 335 541 setun.
380 477 427 539 Ac
449 476 584 560 primum
606 496 645 540 ea
665 452 1017 561 proverbia'tractaua
1041 500 1122 562 quae
1145 502 1165 543 a
1186 480 1339 563 singulari

241 585 482 668 quadrupedum
503 592 619 649 natura
642 588 831 672 deprompta
853 594 935 651 sunt.
1315 666 1322 671 ff

340 695 390 758 Ab
417 695 523 759 echini
550 715 666 780 aspere
692 696 776 780 pelle
803 697 967 782 spinisque
1000 704 1157 782 sumptum
1188 707 1238 764 est
1269 721 1340 784 pro-

239 803 396 870 verbium:
419 802 583 866 οὐδέποτ’
598 790 647 866 *du
669 805 767 888 θείης
786 805 1101 891 λεῖοντὸντρηχὺν
1124 806 1254 892 ἐχῖνον,
1277 829 1340 891 quo
1406 842 1411 851 1

238 912 271 975 in
304 933 375 995 pac.
402 911 482 974 1086
514 914 685 979 Hierocles
713 935 788 979 usus
819 915 991 998 significet,
1024 918 1108 982 inter
1129 918 1340 983 Athenienses

238 1031 271 1087 et
292 1021 565 1087 Lacedaemonios
588 1025 759 1089 amicitiam
775 1047 942 1108 numquam
961 1027 1128 1091 conciliari
1143 1048 1248 1112 posse.
1281 1029 1341 1094 Ite·

238 1152 307 1194 rum
328 1131 446 1213 legitur
467 1135 672 1215 proverbium
693 1135 726 1197 in
747 1154 819 1216 pac.
845 1132 933 1197 1114.

247 1263 251 1267 ·
339 1222 622 1327 Paroemiographi
644 1241 678 1305 id
701 1243 887 1323 omiserunt;
923 1238 1138 1324 Diogeniauus
1165 1255 1286 1313 tanturn
1304 1249 1341 1333 ¹in

237 1350 311 1432 VII,
334 1349 370 1411 61
397 1351 500 1414 simile
523 1351 627 1414 affert:
658 1350 721 1433 πρίν
744 1372 777 1411 κε
797 1350 849 1411 δύο
873 1349 961 1432 ἐχῖνοι
982 1351 1022 1417 Ιείς
1044 1352 1139 1433 φιλίαν
1162 1354 1297 1438 thlipsen,
1324 1357 1340 1419 ὁ

238 1458 290 1542 μὲν
313 1457 346 1521 ἐκ
367 1459 527 1541 πελάγους,
561 1458 576 1520 ὁ
604 1459 629 1520 δ’
656 1457 689 1520 ἐκ
710 1456 832 1542 χέρσους
864 1457 909 1519 ἐπὶ
941 1462 997 1520 τῶν
1027 1459 1176 1522 ἀδυνάτων
1205 1462 1251 1524 καὶ
1277 1465 1340 1526 duo·

238 1567 337 1651 μοίων.
381 1567 493 1651 Neque
514 1567 667 1632 Erasmus
693 1575 835 1631 nostrum
854 1568 951 1649 vidit,
985 1569 1039 1650 qui
1064 1570 1133 1647 etsi
1159 1570 1192 1632 in
1213 1593 1245 1655 p.
1270 1570 1338 1636 131.

238 1675 310 1740 380.
325 1675 385 1739 381
410 1677 586 1760 compluria
609 1678 649 1742 de
665 1658 778 1741 echino
801 1686 927 1761 sumpta
950 1679 1121 1761 proverbia
1143 1682 1338 1762 tractaverit,

123 1809 125 1813 ¹
238 1794 343 1851 tamen
366 1793 507 1850 nostrum
529 1787 679 1869 neglexit.
723 1787 785 1850 Vis
811 1787 974 1872 proverbii
997 1806 1059 1849 non
1087 1787 1151 1850 alie
1176 1795 1225 1853 est
1247 1811 1340 1871 quam

238 1894 315 1978 ejus
339 1895 424 1978 quod
444 1895 662 1978 Diogenianus
684 1897 816 1960 notavit.
862 1940 865 1945 «

263 2034 265 2038 ·
337 2005 427 2070 idem
448 2006 610 2089 significat
631 2006 843 2090 prouerbium,
866 2006 952 2088 quod
974 2006 1076 2070 estin
1098 2025 1169 2088 pao.
1193 2003 1276 2069 2083

239 2113 370 2177 οὔποτε
391 2116 554 2199 ποιήσεις
587 2114 644 2177 τὸν
674 2118 838 2197 καρκίνον
879 2112 969 2196 ὀρθὰ
995 2115 1154 2198 βαδίζειν
1183 2121 1341 2199 sumptum

239 2243 259 2289 a
295 2225 404 2287 cancri
442 2226 670 2289 consuetudine
707 2232 793 2288 retro
831 2223 934 2288 eundi.
990 2223 1192 2307 Significavit
1226 2226 1341 2289 iterum

239 2343 335 2418 poeta
350 2335 457 2398 odium
477 2334 681 2418 implacabile
697 2333 937 2397 Atheniensium
959 2341 991 2397 et
1005 2320 1339 2398 Lacedaemoniorum.

226 2442 341 2527 ‘Recte
364 2451 495 2508 annelat
514 2446 629 2528 Apost.
651 2444 709 2525 IX,
731 2442 787 2507 ὅθι
821 2447 950 2525 καρκίνος
983 2441 1058 2524 ὀρθὰ
1080 2443 1202 2528 βαδίζειν
1230 2444 1263 2505 οὐ
1291 2467 1340 2527 με·

239 2553 383 2635 μάθηκενι
419 2553 464 2615 ἐπὶ
491 2557 548 2615 τῶν
573 2552 619 2615 ἀεὶ
647 2553 784 2620 ὡσαύτως
813 2550 940 2635 ἐχόντων
967 2551 1034 2635 περί
1057 2576 1083 2613 τι
1104 2555 1222 2636 φαῦλον,
1267 2554 1340 2617 Huc
1420 2614 1424 2623 ,

239 2683 364 2745 quoque
386 2643 528 2746 pertinet
546 2657 752 2749 proverbium
774 2662 860 2744 quod
883 2662 915 2724 in
931 2682 1002 2745 pac.
1021 2659 1111 2728 1075.
1128 2660 1167 2726 76
1189 2664 1338 2746 legimus:

391 2772 425 2834 οίν
444 2774 500 2855 γάρ
524 2797 570 2834 πω
593 2772 671 2834 τοῦτ’
693 2770 752 2832 ἐστι
773 2770 855 2854 φίλον
878 2771 1038 2853 μακάρεσσι
1058 2769 1163 2833 θεοῖσιν

390 2879 549 2965 φυλόπιδος
573 2881 664 2964 λῆξαι,
686 2881 761 2964 πρίν
784 2905 841 2943 κεν
866 2880 970 2946 λύκος
989 2876 1040 2939 οἶν
1063 2878 1226 2961 ὑμεναιοῖ

239 2990 292 3054 cui
316 2990 428 3055 eadem
449 2991 499 3054 vis
522 2991 669 3074 subjecta
697 2999 863 3073 astatque
885 2991 958 3053 illis.
1005 2988 1125 3065 Quodsi
1153 2990 1341 3056 scholiastes

240 3106 383 3180 annotat,
416 3106 559 3165 nostrum
591 3101 797 3185 proverbium
825 3099 1005 3183 proiectum
1031 3120 1101 3164 esse
1128 3121 1168 3165 ex
1186 3101 1280 3164 Horn.
1304 3101 1340 3165 ll.

238 3209 335 3290 XXI,
357 3207 428 3290 261,
461 3211 538 3274 hoc.
555 3211 631 3274 mihi
659 3211 831 3274 verisimile
854 3230 917 3273 non
940 3216 997 3273 est.
1043 3209 1082 3272 el.
1105 3212 1219 3292 Apost.
1244 3209 1341 3292 14,96.

239 3318 363 3382 Erasm.
386 3342 418 3403 p.
440 3318 501 3382 623
524 3320 642 3402 („inter
664 3342 745 3402 quos
768 3319 944 3382 insanabile
967 3317 1179 3399 discidium“).
1224 3320 1342 3384 lterum
1460 3386 1463 3390 Α

239 3427 358 3511 legitur
379 3428 584 3513 proverbium
606 3429 638 3491 in
661 3449 732 3512 pac.
759 3427 944 3508 nrt-13,
966 3431 1020 3492 ubi
1043 3428 1209 3517 Trygaeus
1230 3429 1343 3494 Hiero·

241 3539 321 3603 clem
344 3540 543 3605 sacerdotem
564 3545 737 3622 petentem,
769 3544 805 3602 ut
830 3538 950 3621 aliquid
981 3540 1086 3603 earnis
1108 3538 1259 3603 victimae
1273 3538 1343 3619 ,sibi

240 3629 345 3732 detur,
379 3649 509 3733 repellit
528 3659 701 3732 negatque,
728 3648 789 3713 hoc
812 3647 877 3712 ullo
900 3655 996 3731 pacto
1019 3649 1090 3714 fieri
1112 3668 1221 3731 posse3
1258 3642 1359 3730 quod

239 3759 289 3823 his
314 3741 426 3823 verbis!
448 3759 568 3823 dietum
601 3768 662 3823 est:
696 3756 729 3819 cd
752 3755 807 3841 γὰρ
831 3754 889 3819 οἷόν
912 3781 944 3820 τε
966 3759 1031 3841 ἡμῖν
1055 3755 1248 3841 προςδιδίναι,
1279 3756 1341 3839 πρίν

235 3866 295 3930 κεν
312 3867 399 3935 λύκος
421 3866 461 3930 οἶν
488 3869 624 3952 ὑμεναιοῖ.
670 3867 921 3947 ΙΑᾱιιιοιιοοόοιι]
956 3875 1017 3948 est,
1050 3867 1224 3950 proverbia
1256 3867 1342 3930 loeu-

239 3978 406 4065 tionesque
432 3977 526 4060 hujus
555 3978 681 4060 generis
710 3977 796 4061 apud
825 3977 969 4042 Graecos
994 3976 1221 4060 Romanosque.
1248 3975 1341 4040 valde

238 4086 358 4151 usitata
378 4087 486 4168 fuisse,
509 4086 550 4150 cf.
574 4086 653 4150 Hor.
677 4087 770 4170 epod.
795 4085 980 4168 leae-34.

239 4244 242 4249 -
339 4197 502 4278 Arapaci
524 4196 593 4278 lupi
615 4205 728 4262 natura
751 4203 907 4280 sumptum
934 4203 984 4261 est
1015 4195 1119 4261 λύκος
1147 4192 1276 4279 ἔχανεν
1308 4195 1341 4258 in

238 4305 337 4370 Arist.
364 4305 470 4388 frgmt.
504 4304 566 4367 319
594 4327 634 4371 ex
666 4307 758 4371 Phot.
792 4328 821 4390 p.
847 4304 940 4388 235ss
966 4314 999 4369 et
1030 4304 1141 4385 suida,
1174 4304 1340 4392 ubi-haec

238 4413 477 4500 interpretatioi
510 4407 697 4500 λέγουσιτὸν
722 4417 821 4496 λύκον,
852 4415 971 4478 ἐπειδὰν
1000 4416 1126 4499 ἁρπάσαι
1144 4438 1169 4476 τι
1190 4414 1339 4499 βούληται,
